2850 4890
221 357 287 423 268
594 369 806 420 rennuunt.

225 542 316 600 agens
340 519 480 590 Domino,
504 517 580 578 dixit
598 519 688 579 sociis
715 518 788 587 suis,
810 516 946 575 ‘Tenete
969 522 1134 596 portantes,
1156 525 1186 576 et

225 606 391 667 benedicite
403 605 574 665 Dominum.
617 605 710 675 Ecce,
726 604 814 671 enim,
826 613 885 662 tres
899 611 999 681 partes
1012 601 1108 661 tribus
1118 602 1186 663 viris

224 693 377 771 tribusque
401 690 537 751 noctibus
562 697 592 749 et
612 689 716 750 diebus
739 687 905 756 sufficiunt;
927 695 1037 767 quarta
1051 707 1122 748 vero
1137 686 1188 747 die·

225 797 359 838 serenum
374 778 429 836 erit
441 796 521 836 mare
536 775 573 834 ad
588 773 805 854 navigandum!
846 773 897 833 Illi
910 792 1039 852 namque
1050 779 1187 853 portave-

225 873 292 922 runt
305 872 336 923 et
348 870 503 932 coxerunt,
514 861 733 941 mirabilemque
745 859 921 919 suavitatem
935 857 1034 918 carnis
1046 857 1186 937 degusta·
1209 877 1222 920 5

225 956 338 1009 verunt.
389 947 548 1006 Manentes
572 954 672 1006 autem
694 945 786 1006 tribus
810 943 915 1003 diebus
935 943 966 1002 in
987 943 1092 1004 valida
1114 952 1185 1003 tem-

226 1042 353 1113 pestate,
372 1043 479 1112 quarta
493 1031 553 1102 die,
570 1031 731 1092 seeundum
745 1031 867 1090 verbum
882 1030 959 1108 ejus,
982 1029 1011 1088 in
1031 1030 1186 1090 serenitate

227 1120 399 1198 navigantes
422 1137 560 1198 prospere
573 1126 689 1197 portum
704 1117 808 1176 salutis
818 1121 989 1184 tenuerunt,
1003 1115 1084 1175 sicut
1101 1117 1187 1174 nobis

229 1226 304 1264 unus
326 1227 343 1265 e
362 1203 480 1263 duobus
494 1203 633 1263 fratribus
649 1223 749 1283 supra,
762 1203 879 1261 nomine
892 1199 983 1281 Tydi,
997 1200 1050 1278 qui
1063 1201 1187 1280 presby-

227 1299 272 1350 ter
297 1301 344 1350 est
368 1290 466 1348 adbuc
493 1290 608 1359 vivens,
633 1309 733 1349 coram
757 1287 856 1347 multis
881 1285 1008 1345 testibus
1035 1287 1225 1358 indicavit,lo

229 1375 398 1455 glorificans
417 1374 526 1445 Deum,
541 1372 622 1454 quod
644 1374 749 1434 eadem
767 1371 968 1432 misericordia
988 1380 1060 1432 tunc
1081 1373 1189 1432 bomini

230 1460 552 1540 Dei,quaeetolim1n
567 1459 684 1520 deserto
699 1459 811 1528 Heliae,
826 1477 930 1517 carnes
945 1457 1071 1535 largitus
1088 1467 1145 1529 est,
1159 1467 1188 1518 et

229 1547 336 1607 eodem
355 1547 457 1627 spiritu
477 1546 618 1616 imbutus,
632 1553 839 1625 tempestatem
859 1551 890 1602 et
910 1543 1099 1603 serenitatem
1117 1564 1190 1625 prae·

229 1633 314 1703 vidit,
330 1653 389 1711 quo
408 1641 439 1691 et
457 1632 611 1710 apostolus
631 1631 775 1692 Paulus
768 1649 799 1689 m
820 1628 950 1691 Actibus
972 1626 1189 1768 Apostolorum

230 1719 436 1797 navigantibus
450 1718 645 1798 prophetavit.
700 1754 703 1758 -
1199 1732 1224 1777 15

272 1802 681 1883 §17.Supradictusautem
698 1803 853 1882 presbyter
865 1801 946 1881 Tydi
959 1799 1042 1861 aliud
1062 1801 1189 1862 miracu·

54 1877 113 1965 Y„
147 1952 152 1963 ,
229 1889 301 1960 lum,
323 1888 404 1968 quod
425 1889 524 1948 multis
541 1889 690 1968 cognitum
711 1898 768 1959 est,
784 1887 942 1956 indicavit;
965 1887 1085 1947 scilicet
1103 1887 1191 1967 [qua-

229 1975 312 2053 dam]
327 1975 376 2034 die
389 1973 631 2055 proficiscebatur
639 1976 728 2053 juxta
741 1973 863 2033 fluvium
875 1973 1008 2052 'l'esgeta
1020 1971 1168 2032 tendens
1161 1993 1188 2032 m

229 2060 390 2131 meridiem,
407 2061 633 2120 intermontano
650 2060 762 2119 docens
782 2058 947 2119 rusticanos
962 2067 993 2117 et
1005 2059 1188 2139 baptizabat.

231 2145 360 2206 Habens
385 2166 502 2226 qnoque
523 2166 646 2226 puerum
662 2145 690 2205 in
710 2146 852 2205 comitatu
871 2146 936 2223 ejus
960 2163 1064 2204 secum
1087 2145 1225 2206 amba-m

230 2232 350 2303 lentem,
366 2231 442 2291 dixit
454 2231 492 2291 ad
507 2253 586 2302 eum,
601 2239 609 2265 ‘
625 2231 764 2291 Putasne
780 2231 847 2309 quis
864 2231 917 2289 tibi
931 2228 1021 2289 hodie
1034 2230 1189 2309 prandium

230 2317 436 2398 praeparavitl'
476 2317 549 2384 Quo
569 2317 777 2396 respondente,
798 2315 910 2374 nullum
927 2315 957 2374 in
976 2315 1029 2374 illa
1047 2317 1098 2376 via
1116 2317 1191 2376 scire

230 2411 400 2481 cognatum,
425 2411 456 2463 et
482 2423 537 2463 nec
565 2404 604 2462 ab
631 2403 733 2462 alienis
761 2401 917 2479 incognitis
943 2400 1068 2480 aliquod
1098 2422 1190 2480 genus

230 2488 438 2548 misericordiae
457 2499 603 2568 sperante,
619 2507 721 2548 servus
740 2487 861 2546 Domini
876 2487 981 2546 iterum
998 2486 1040 2545 ait
1054 2486 1096 2544 ad
1110 2508 1190 2558 eum,

230 2574 390 2643 ‘Confide
405 2573 458 2644 fili,
474 2574 620 2633 Dominus
640 2572 806 2654 providebit
823 2572 935 2632 victum
955 2573 1143 2651 sperantibus
1162 2575 1228 2634 inor

231 2680 276 2730 se,
296 2662 347 2741 qui
368 2660 453 2730 dixit,
470 2660 603 2727 Quaerite
621 2660 745 2738 primum
766 2678 888 2736 regnum
910 2656 980 2728 Dei,
999 2666 1030 2717 et
1043 2659 1191 2736 justitiam

231 2748 307 2822 ejus,
333 2755 364 2805 et
385 2746 450 2804 lraec
475 2747 573 2804 omnia
596 2745 771 2823 adijcieutur
797 2745 897 2812 vohis;
928 2751 958 2802 et
980 2753 1013 2802 ut
1034 2743 1192 2824 impleatur

231 2832 393 2912 Prophetae
417 2830 540 2901 dictum,
563 2831 668 2891 Junior
691 2830 733 2889 fui
754 2829 861 2889 etenim
883 2829 978 2899 senui,
999 2835 1031 2888 et
1054 2849 1113 2889 non
1132 2831 1193 2891 vidi

225 2921 340 2996 justum
366 2916 549 2988 derelictum,
574 2924 633 2976 etc.
682 2916 799 2996 Dignus
824 2935 951 2994 namque
974 2921 1021 2973 est
1041 2917 1193 2996 operarius

232 3003 368 3063 mercede
384 3003 458 3062 sua!
918 3067 920 3070 ,
1202 3016 1229 3062 at

280 3095 358 3162 518.
381 3088 463 3167 Ergo
485 3097 555 3168 post
579 3088 637 3147 alia
657 3088 760 3156 verba,
785 3087 901 3146 intuens
924 3086 954 3144 in
978 3086 1097 3157 coelum,
1120 3087 1194 3146 uidit

233 3174 362 3253 aquilam
377 3174 524 3234 volantem
540 3175 567 3233 in
584 3195 663 3243 aere,
684 3183 714 3232 et
731 3172 808 3233 dixit
826 3193 917 3251 puero
936 3193 1001 3242 suo,
1024 3172 1129 3233 ‘Haec
1148 3184 1195 3233 est

233 3260 344 3337 aquila,
367 3260 416 3319 cui
440 3269 619 3340 praeceperat
642 3258 788 3318 Dominus
810 3259 973 3317 ministrare
994 3258 1080 3318 nobis
1105 3258 1193 3318 bodie

232 3345 351 3405 cibum!
392 3344 473 3404 Post
496 3345 659 3424 paullulum
680 3354 779 3404 autem
799 3345 853 3403 iter
872 3343 1039 3422 agentibus,
1058 3343 1195 3404 viderunt

230 3429 361 3510 aquilam
385 3450 473 3509 super
493 3433 586 3511 ripam
601 3431 727 3490 fluminis
750 3429 911 3490 sedentem.
954 3428 1083 3488 Currens
1104 3430 1231 3491 etiamst

271 3698 288 3728 ¹⁴
306 3699 405 3748 Actibus
416 3693 492 3837 Appj]
518 3700 599 3750 xxvii.
613 3703 654 3748 22.
730 3698 952 3760 Roxburghshire,
1012 3701 1195 3761 consequeutly

271 3767 290 3798 ¹⁶
307 3769 470 3832 Soprodictus.
537 3771 592 3818 vit.
620 3771 695 3819 Pros.
729 3769 909 3831 considerably
941 3773 968 3816 to
996 3768 1040 3817 the
1064 3771 1142 3819 south
1170 3771 1199 3819 ol

236 3843 300 3901 Cep.
313 3854 369 3901 x113
387 3841 441 3889 Vit.
453 3841 518 3888 Met.
531 3840 594 3903 Cap.
605 3856 632 3890 x,
731 3840 853 3889 Melrose.

272 3909 291 3937 ¹³
308 3910 429 3973 reegero]
446 3911 696 3973 Thisisapparently
767 3907 786 3938 2⁶
806 3902 935 3975 Quanta]
955 3908 1052 3957 Mattb.
1065 3911 1100 3958 vi.
1112 3914 1153 3959 33.

236 3983 372 4042 corrupted
391 3984 424 4042 by
442 3982 485 4030 the
503 3982 595 4031 scribe.
633 3982 696 4029 Per·
767 3977 787 4006 ²⁸
802 3975 913 4047 dantem]
931 3979 977 4029 Ps.
989 3981 1079 4030 xxxvi.
1091 3984 1133 4030 25.

236 4050 300 4110 haps
324 4053 345 4100 it
368 4067 426 4112 may
453 4052 485 4099 be
512 4050 634 4100 intended
658 4051 697 4099 sor
769 4048 788 4077 ⁹⁹
806 4048 926 4113 Dignus]
944 4051 981 4100 st.
996 4051 1081 4116 Luke,
1095 4065 1123 4101 x.
1136 4054 1160 4099 7.

238 4120 390 4183 ‘Tevyota,’
406 4122 449 4171 the
464 4123 530 4171 river
552 4122 651 4182 Teviot,
671 4122 696 4168 in
