2850 4890
540 387 720 435 nucronn
738 389 825 436 vnn.
847 390 956 436 onon.
1184 374 1223 436 51

270 565 392 629 campo
407 546 554 628 quodam
568 567 638 610 non
656 548 792 612 modica
805 567 986 630 puerorum
1005 551 1105 614 turba
1124 548 1228 612 insis-

268 652 366 725 teret,
381 648 562 712 interesset
581 656 616 713 et
634 651 720 732 ipse,
736 657 771 714 et
786 651 877 715 sicut
892 651 1081 715 ludentium
1099 651 1225 715 levitas

269 749 367 824 solet,
382 757 500 814 contra
514 769 698 833 congruum
713 760 846 816 naturae
863 759 992 816 statum
1007 752 1113 816 variis
1129 752 1226 815 flexi·

267 850 332 912 bus
356 852 507 914 membra
530 852 682 934 plerique
707 853 893 929 sinuarent,
914 860 1053 935 repente
1075 872 1164 915 unus
1183 853 1225 916 de

236 952 427 1031 sparvulis,
446 953 588 1017 triennis
607 952 721 1031 ferme,
739 961 778 1018 ut
797 954 990 1030 videbatur,
1011 952 1158 1016 accurrit
1179 952 1223 1015 ad

266 1070 354 1128 enm,
375 1059 410 1115 et
429 1053 529 1135 quasi
549 1055 650 1116 senili
670 1056 866 1119 constantia
886 1054 992 1136 coepit
1016 1052 1156 1129 hortari,
1180 1073 1223 1116 ne

260 1149 352 1232 jocis
369 1157 404 1214 et
418 1153 489 1216 otio
503 1152 702 1234 indulgeret,
718 1155 779 1219 sed
794 1155 978 1219 stabilitati
999 1155 1116 1237 potius
1130 1173 1223 1217 men-

264 1258 334 1314 tem
361 1252 523 1317 simulet
550 1256 701 1319 membra
730 1255 938 1338 subjugaret.
984 1253 1063 1333 Quo
1093 1255 1224 1317 monita

263 1359 454 1432 spernente,
474 1354 568 1435 luget
586 1355 645 1418 ille
665 1374 824 1419 corruens
845 1358 881 1419 in
900 1363 1025 1420 terram
1044 1363 1080 1419 et
1098 1354 1222 1419 faciem

219 1469 252 1514 ro
262 1452 413 1516 lacrimis
427 1455 553 1535 rigans.
597 1453 792 1520 Accurrunt
807 1458 1016 1520 consolaturi
1031 1457 1147 1535 ceteri,
1159 1455 1220 1519 sed

262 1553 321 1617 ille
340 1561 471 1636 perstat
490 1556 526 1617 in
545 1556 695 1620 fletibus.
740 1557 956 1638 Interrogant
975 1555 1058 1639 quid
1078 1556 1221 1620 haberet

261 1657 488 1737 repentinum,
503 1656 594 1720 unde
616 1658 724 1722 tantis
744 1658 935 1722 afficeretur
954 1658 1126 1722 lamentis.
1170 1654 1220 1719 At

261 1755 320 1820 ille
346 1758 485 1820 tandem
508 1758 719 1835 exclamans,
742 1760 936 1822 consolanti
958 1778 995 1822 se
1015 1757 1220 1833 cudbercto,

261 1856 401 1936 ‘Quia’
415 1860 537 1942 inquit,
555 1859 666 1938 ‘haec,
681 1861 899 1924 sanctissime
914 1860 1059 1923 antistes
1075 1864 1110 1921 et
1124 1876 1219 1938 pres·

217 1977 248 2021 15
261 1959 359 2041 byter
373 1958 575 2039 Cudbercte,
590 1970 625 2024 et
639 1969 771 2025 naturae
787 1968 822 2024 et
838 1960 957 2042 gradui
971 1967 1031 2023 tuo
1046 1958 1218 2021 contraria

259 2063 371 2140 geris?
415 2061 548 2126 Ludere
567 2070 601 2127 te
621 2064 710 2127 inter
729 2063 892 2146 parvulos
907 2080 977 2124 non
992 2060 1101 2136 decet,
1116 2077 1217 2140 quem

259 2160 428 2230 Dominus
444 2164 548 2227 etiam
563 2163 749 2247 majoribus
762 2171 846 2227 natu
864 2163 1065 2243 magistrum
1079 2160 1217 2225 virtutis

258 2265 494 2328 consecravit!
538 2264 695 2329 Audiens
725 2264 799 2328 haec
819 2256 926 2329 'bonae
960 2262 1085 2326 indolis
1121 2279 1216 2343 puer,

256 2364 329 2429 fixa
343 2365 533 2431 intentione
548 2369 712 2449 suscepit,
726 2374 953 2447 maestumque
967 2362 1133 2427 infantem
1148 2362 1215 2444 piis

213 2465 456 2531 nodemulcens
492 2468 681 2545 blanditiis,
719 2467 841 2531 relicta
875 2466 1038 2529 continuo
1075 2462 1215 2527 ludendi

256 2570 422 2648 vanitate,
449 2572 586 2635 domum
612 2572 723 2647 rediit,
749 2591 789 2634 ac
819 2570 974 2634 stabilior
991 2567 1065 2650 jam
1088 2587 1133 2631 ex
1155 2565 1214 2629 illo

256 2676 408 2753 tempore
428 2672 609 2754 animoque
630 2671 881 2735 adolescentior
900 2669 1069 2734 exsistere
1090 2667 1215 2749 coepit;

255 2771 315 2833 illo
338 2772 496 2835 nimirum
520 2774 651 2853 Spiritu
676 2774 819 2836 interius
843 2770 918 2854 ejus
943 2767 1134 2853 praecordia
1153 2767 1214 2830 do·

255 2879 366 2950 cente,
381 2874 440 2956 qui
458 2892 520 2956 per
533 2894 573 2937 os
587 2873 728 2937 infantis
745 2874 959 2937 extrinsecus
977 2869 1051 2954 ejus
1072 2868 1212 2932 auribus

209 2990 241 3034 25
255 2970 420 3036 insonuit.
466 2973 542 3039 Nec
557 2975 749 3038 mirandum
771 2975 943 3055 cuiqnam,
958 2970 1092 3054 parvuli
1110 2971 1213 3033 lasci·

252 3073 345 3137 viam
360 3095 422 3157 per
434 3076 613 3158 parvulum
628 3077 795 3159 potuisse,
811 3075 959 3139 Domino
976 3080 1107 3154 agente,
1119 3069 1213 3133 cobi-

252 3175 335 3253 beri,
348 3177 408 3260 qui
424 3176 466 3241 ad
481 3177 726 3258 prohibendam
740 3176 915 3258 prophetae
928 3173 1159 3256 insipientiam
1176 3173 1212 3235 in

254 3295 311 3340 ore
327 3279 515 3361 subjugalis
530 3281 615 3343 muti
635 3278 854 3343 rationabilia
868 3277 986 3353 verba,
1000 3294 1076 3337 cum
1091 3274 1212 3351 voluit,

253 3377 371 3454 edidit,
384 3380 420 3442 in
431 3381 532 3463 cujus
548 3381 651 3445 laude
665 3381 832 3446 veraciter
841 3381 970 3444 dictum
982 3384 1046 3454 est,
1060 3375 1152 3454 Quia
1166 3396 1212 3439 ex

206 3497 238 3540 ao
251 3498 310 3542 ore
325 3479 506 3544 infantium
522 3489 557 3546 et
570 3474 774 3546 lactantium
788 3479 963 3563 perfecisti
977 3478 1123 3542 laudem.

250 3799 266 3812 ..
290 3726 323 3847 ιζ
338 3729 475 3791 Subiugatis
493 3725 578 3798 Μαί]
610 3736 626 3779 2
652 3732 709 3780 Pet.
783 3727 803 3758 ²³
819 3732 919 3780 Dictum
930 3726 989 3798 est]
1020 3729 1092 3779 Psal.
1106 3728 1158 3775 viii.
1171 3728 1197 3774 2.

249 3813 277 3848 rr.
326 3836 332 3848 .
