2850 4890
321 346 365 410 60
609 360 699 410 vrri
717 360 745 408 s.
763 359 995 421 connuncrr,

149 529 437 596 A.D.o51,·nrauu,
462 518 615 583 ministro
639 519 801 595 dedisset,
820 537 883 580 nec
905 517 985 580 dum
1011 517 1101 580 enim
1125 517 1279 582 habitum

321 621 527 703 deposuerat
553 621 751 697 secularem,
778 619 930 682 Boisilus
954 620 1030 701 ipse
1050 638 1121 700 prae
1147 618 1280 683 foribus

320 721 519 785 monasterii
534 723 737 799 consistenS,
750 722 842 803 prior
856 721 952 784 illurn
966 720 1106 794 videret.
1149 719 1279 784 Praevi-

322 822 406 885 dens
428 821 464 883 in
484 822 607 904 spiritu
627 829 777 902 quantus
798 821 1057 884 conversatione
1075 827 1168 884 esset
1188 822 1280 885 futu-

320 940 389 997 rus,
418 941 519 1003 quem
544 923 715 997 cernebat,
739 921 803 984 hoo
830 942 935 984 unum
961 921 1050 984 dixit
1076 923 1321 1000 astantibuS,o

321 1019 437 1085 ‘Ecce
462 1041 582 1086 servus
603 1021 689 1099 Dei‚’
708 1021 861 1084 imitatus
882 1021 990 1098 illum,
1007 1021 1067 1104 qui
1086 1021 1280 1085 venientem

321 1123 365 1186 ad
400 1143 437 1187 se
468 1123 667 1188 Nathanael
701 1123 859 1200 intuitus
887 1123 1024 1200 ‘Ecce'
1052 1123 1174 1204 inquit,
1202 1124 1280 1188 ‘vir

321 1222 491 1301 Israelita,
509 1226 545 1287 in
564 1245 632 1307 quo
654 1224 753 1288 dolus
772 1243 843 1286 non
863 1228 938 1288 est.'
982 1224 1079 1288 Sicut
1099 1224 1278 1306 religiosus

320 1345 361 1388 ac
385 1334 567 1389 veteranus
591 1324 657 1389 Dei
682 1326 833 1390 famulus
859 1332 893 1390 et
913 1327 1090 1409 presbyter
1112 1324 1278 1407 Sigfridus

320 1427 408 1489 solet
422 1428 592 1504 attestari,
608 1430 666 1511 qui
682 1428 792 1491 eidem
807 1427 941 1490 Boisilo
956 1427 1030 1490 haec
1045 1427 1173 1491 dicenti
1191 1427 1280 1491 inter
1290 1447 1321 1491 ro

320 1528 407 1591 alios
424 1528 598 1607 adstabat,
612 1536 694 1592 tunc
710 1529 746 1591 iu
764 1529 840 1610 ipso
855 1529 1061 1591 monasterio
1077 1528 1279 1593 adolescens

319 1631 438 1713 primis
466 1630 578 1694 adhuc
608 1628 820 1693 monachicae
847 1629 930 1694 vitae
956 1628 1153 1693 rudimentis
1180 1630 1279 1694 iusti·

320 1740 427 1810 tutus,
441 1752 533 1795 nunc
549 1733 584 1794 in
598 1739 726 1808 nostro,
746 1730 780 1795 id
802 1738 856 1794 est
873 1729 1054 1812 Gyrvcnsi,
1071 1731 1278 1794 monasterio

319 1833 508 1915 perfectum
533 1834 569 1895 in
596 1832 733 1897 Christo
755 1851 860 1914 agens
881 1832 1002 1908 virum,
1022 1840 1057 1895 et
1076 1832 1165 1896 inter
1187 1852 1279 1914 aegra

319 1935 459 2015 spiritus
497 1935 640 1997 extremi
680 1934 829 2015 suspiria
863 1934 982 1996 laetum
1016 1934 1098 1998 vitae
1137 1933 1278 1998 alterius
1290 1954 1321 1998 15

320 2035 440 2098 sitiens
468 2036 655 2099 introitum.
713 2022 797 2098 Nec
824 2035 923 2116 plura
951 2034 1096 2116 loquens
1125 2033 1277 2099 Boisilus

319 2137 575 2216 pervenientem
607 2155 689 2199 mox
724 2135 768 2198 ad
804 2156 841 2198 se
875 2133 1104 2197 Cudberctum
1133 2135 1278 2216 benigne

319 2238 482 2318 suscepit,
498 2255 706 2318 causamque
720 2236 775 2298 sni
790 2235 922 2298 itineris
934 2243 1172 2316 exponentem,
1184 2237 1278 2318 quia,

318 2337 489 2413 videlicet,
504 2337 747 2400 monasterium
763 2336 879 2398 seculo
897 2336 1096 2417 praetulerit,
1110 2337 1277 2418 benignus

319 2455 436 2499 secum
461 2438 610 2502 retinuit.
653 2437 737 2500 Erat
766 2437 855 2500 enim
881 2436 1093 2518 Praepositus
1123 2437 1320 2520 ejusdemro

318 2537 526 2601 monasterii.

145 2665 268 2707 aaronem
359 2639 377 2722 ξ
391 2639 443 2702 11.
468 2639 513 2703 Et
527 2647 607 2721 post
620 2640 694 2703 dies
707 2660 850 2723 paucos,
862 2641 1064 2706 adveniente
1078 2641 1152 2705 viro
1165 2643 1277 2707 beatae

145 2717 282 2758 mouktbere.

318 2741 564 2806 recordationis
580 2741 680 2818 Eata,
699 2750 780 2805 tunc
801 2744 999 2825 presbytero
1015 2751 1051 2807 et
1065 2745 1190 2807 abbate
1205 2763 1278 2805 mo-

317 2842 458 2905 nasterii
491 2839 613 2925 ipsius
641 2851 764 2925 postea
792 2843 1080 2928 Lindisfarnensis
1110 2845 1277 2921 ecclesiae,

317 2944 419 3006 simul
448 2952 484 3007 et
512 2945 665 3027 ejusdem
695 2946 763 3007 loci
790 2946 955 3022 antistite,
980 2944 1147 3008 indicavit
1173 2945 1206 3007 ei
1234 2945 1277 3008 de
1287 2964 1319 3009 25

318 3043 521 3121 Cudbercto,
537 3053 572 3108 et
592 3045 675 3126 quia
689 3046 771 3108 boni
792 3046 960 3127 propositi
981 3045 1130 3107 animum
1146 3054 1277 3127 gereret

317 3146 491 3225 exposuit,
512 3147 728 3227 obtinuitque
749 3145 842 3227 apud
862 3166 937 3209 enm
963 3153 1012 3223 ut,
1032 3153 1177 3228 accepta
1202 3154 1278 3211 ton-

318 3263 408 3321 sura,
440 3246 597 3310 Fratrum
628 3248 800 3311 consortio
825 3249 1037 3331 jungeretur.
1092 3246 1194 3325 Quod
1225 3251 1276 3312 in-

317 3364 455 3425 gressus
479 3348 724 3412 monasterium
749 3348 929 3412 confestim
960 3349 1127 3431 aequalem
1153 3351 1276 3413 ceteris

319 3445 496 3509 Fratribus
526 3448 620 3512 Vitae
649 3448 832 3530 Regularis
864 3451 1117 3514 observantiam
1148 3457 1319 3527 tenere,ao

317 3547 372 3610 vel
395 3547 500 3610 etiam
527 3549 683 3612 arctioris
708 3548 901 3631 disciplinae
928 3551 1052 3613 studiis
1081 3552 1276 3633 supergredi

317 3649 469 3725 curabat,
488 3649 623 3730 legendi
642 3651 814 3726 videlicet,
834 3653 1009 3733 operandi,
1028 3652 1203 3733 vigilandi,
1223 3661 1276 3718 at-

362 3921 372 3951 ⁷
390 3917 494 3992 Inquit]
513 3925 551 3973 St.
564 3924 635 3974 John
648 3926 667 3973 i.
680 3929 720 3975 47.
813 3927 988 3988 Weerrnouth‚
1004 3926 1063 3974 who
1080 3928 1140 3975 died
1159 3929 1184 3975 in
1202 3941 1229 3976 A.
1247 3943 1274 3978 u.

360 3989 534 4062 ⁹sigfridus]
564 3990 587 4041 Α
606 3995 724 4043 different
741 3996 780 4043 in·
813 4002 871 4046 689.

317 4063 435 4113 dividual
469 4065 532 4113 from
566 4064 609 4112 the
645 4066 724 4114 abbot
755 4065 784 4113 oi
848 4064 868 4093 ³²
886 4060 1026 4133 operandi]
1053 4066 1107 4114 The
1122 4067 1179 4114 rule
1194 4067 1223 4115 oi
1236 4069 1275 4116 St.
