2850 4890
339 363 431 410 vrrs
449 362 477 410 s.
496 364 730 424 cu'runun'rr,
748 363 858 411 lucr.
877 365 995 411 nuou.
1081 350 1146 413 273

234 512 310 580 §26.
347 507 522 568 Miraculum
551 530 668 588 quoque
697 509 776 568 aliud
804 509 884 589 quod
915 510 1060 570 Dominus
1088 533 1142 591 pro
1163 533 1309 585 minanam·

181 609 281 652 amore
306 594 404 653 militis
429 595 474 652 sui
494 595 616 664 fecerat,
643 596 759 654 silentio
783 617 839 654 non
864 592 1014 675 praetereo.
1058 597 1139 658 Con·
1157 587 1254 677 ξξζξξὲζῗᾱ
1269 589 1317 626 “’“““

157 707 169 721 s
180 679 339 757 cupiscens
354 680 430 738 enim
445 681 547 760 petivit
559 702 578 740 a
592 681 774 741 venientibus
787 682 938 741 Fratribus
954 691 984 740 et
996 683 1140 743 visitanti-

179 764 237 821 bus
262 784 330 823 eum
357 765 467 843 lignum
491 766 646 826 duodecim
671 767 777 847 pedum
802 769 831 825 in
854 767 1075 844 longitudinem,
1101 769 1141 829 ad

151 847 398 909 nfundamentum
419 851 544 931 alicujus
558 853 754 912 domunculae.
800 852 882 911 Nam
903 853 964 912 illic
984 855 1140 934 scopulum

177 946 373 994 concavatum
400 936 537 997 fluctibus
561 960 640 998 mare
659 940 821 1018 irrumpens
844 947 1003 997 extremam
1024 950 1138 1018 partem

178 1020 238 1080 loci
256 1021 334 1081 illius
354 1023 485 1100 contigit,
502 1045 590 1104 supra
610 1026 695 1102 cujus
715 1023 831 1104 scopuli
852 1044 934 1083 oram
952 1024 1020 1082 loco
1040 1026 1138 1084 adhae-

178 1107 252 1165 renti
271 1115 467 1167 transversum
490 1108 598 1186 liguum
620 1109 777 1170 duodecim
802 1108 922 1188 pedum,
945 1121 976 1168 ut
998 1110 1138 1180 diximus,

179 1212 357 1271 componere
372 1193 594 1273 praedestinans,
607 1197 735 1276 desuper
747 1196 834 1254 etiam
846 1194 1003 1255 aedilicium
1014 1195 1138 1254 domuu-

134 1291 166 1336 10
178 1278 254 1337 culae
268 1289 438 1339 construere
451 1282 603 1359 cogitavit.
648 1281 721 1341 Hoc
739 1302 809 1340 vero
826 1302 845 1340 a
861 1281 1012 1340 Fratribus
1030 1281 1138 1361 depos-

180 1383 251 1422 cens
269 1384 326 1422 non
347 1366 543 1444 impetrasset,
564 1371 608 1442 (et
624 1368 680 1426 hoc
704 1366 761 1426 illis
782 1367 866 1426 Dens
888 1387 945 1426 non
966 1369 1091 1446 imputet
1108 1369 1136 1426 in

177 1449 314 1524 malum)
333 1451 390 1509 nisi
406 1471 424 1510 a
442 1452 510 1510 Deo
531 1462 631 1513 nostro
652 1452 725 1512 Jesu
742 1452 871 1522 Christo,
894 1452 975 1512 facta
994 1455 1136 1525 oratione,

178 1534 356 1615 adjutorium
372 1538 556 1616 accepisset;
581 1559 647 1597 uam
667 1537 770 1598 eadem
791 1549 878 1598 nocte
898 1559 976 1597 mare
997 1537 1136 1598 fluctibus

176 1621 303 1691 undans,
318 1622 345 1680 iu
367 1622 507 1682 honorem
528 1626 605 1683 servi
621 1625 680 1683 Dei
701 1625 830 1702 stipitem
851 1623 1008 1683 duodecim
1028 1624 1136 1704 pedum

136 1719 166 1764 15
178 1705 314 1766 deferens
329 1709 496 1787 specialiter
510 1709 548 1768 ad
563 1711 669 1769 ostium
687 1710 812 1788 scopuli,
832 1710 881 1767 ubi
903 1709 1055 1789 ponendus
1075 1720 1138 1769 erat

176 1792 206 1850 in
220 1791 388 1861 aedilicium,
408 1802 555 1853 natantem
576 1795 751 1874 deportavit.
794 1795 912 1854 Fratres
931 1796 1031 1872 itaque
1051 1816 1136 1855 manc

174 1877 330 1955 vigilantes
353 1877 500 1948 viderunt,
526 1882 634 1958 gratias
656 1888 778 1959 agentes
802 1880 880 1949 Deo,
904 1889 935 1939 et
959 1879 1136 1940 admirantes

140 1955 142 1960 ¹
176 1962 258 2042 quod
272 1985 351 2023 mare
366 1965 394 2022 in
410 1965 547 2025 honorem
563 1966 673 2026 Christi
688 1967 781 2043 magis
796 1965 939 2026 obediens
957 1966 1135 2027 anachoritae

176 2068 265 2128 quam
283 2050 416 2109 homines
435 2060 637 2130 patraverant:
661 2060 692 2111 et
712 2051 810 2111 adhuc
831 2072 925 2131 usque
945 2050 1034 2110 hodie
1053 2054 1134 2111 navi-

131 2149 164 2194 2⁰
176 2135 313 2212 gentibus
335 2135 441 2195 domus
468 2158 556 2217 super
573 2139 681 2217 lignum
700 2146 898 2197 transversum
919 2137 1066 2196 aedificata
1084 2159 1135 2218 ap-

175 2229 269 2301 paret.

219 2312 296 2380 §22
323 2307 408 2367 Sicut
427 2330 496 2387 ergo
519 2329 597 2368 mare
619 2311 738 2370 servivit
752 2309 861 2368 homini
877 2308 946 2377 Dei,
962 2310 1003 2367 ita
1018 2317 1048 2367 et
1062 2329 1134 2367 aves
1154 2323 1274 2363 Minorem

175 2392 243 2452 coeli
263 2393 437 2454 obedierunt
459 2396 501 2463 ei;
524 2416 591 2454 nam
614 2417 680 2456 cum
703 2396 831 2475 quadam
851 2395 898 2453 die
914 2396 942 2452 in
964 2394 1061 2452 insula
1080 2414 1135 2452 sua
1152 2375 1269 2414 'hem

174 2477 291 2538 fodiens
313 2479 451 2539 sulcabat
477 2483 759 2561 terram-primum
784 2483 860 2540 enim
885 2479 923 2539 de
946 2479 1062 2538 duobus
1085 2481 1133 2539 vel

129 2579 162 2624 25
175 2565 268 2624 tribus
282 2565 365 2624 annis
379 2565 418 2624 de
432 2586 520 2647 opere
538 2588 676 2626 manuum
694 2588 822 2636 suarum,
836 2577 992 2646 antequam
1012 2565 1133 2624 clausus

175 2651 325 2709 obstrictis
349 2653 451 2730 januis
478 2654 556 2712 intus
584 2662 724 2722 maneret,
759 2654 895 2712 laborans
932 2650 1131 2729 quotidianum

172 2735 284 2796 victum
300 2746 466 2817 acceperat,
484 2739 581 2797 sciens
598 2738 709 2798 dictum
731 2760 809 2806 esse,
828 2738 911 2804 ‘Qui
929 2758 986 2795 uon
1006 2737 1132 2809 laborat,

172 2841 228 2880 nee
242 2822 536 2892 manducet,'-vidit
552 2825 628 2883 duos
650 2845 768 2893 corvos,
784 2835 851 2882 ante
869 2824 930 2882 illic
953 2823 1041 2900 longo
1059 2831 1131 2880 tem-

172 2918 418 2986 permanentes,
434 2919 513 2969 tecta
534 2909 640 2969 domus
660 2911 857 2988 navigantium
877 2911 1005 2985 inportu
1026 2908 1131 2987 positae

128 3008 160 3054 3⁰
173 2993 364 3073 dissipantes,
390 2994 548 3076 nidumque
576 2998 632 3055 sihi
659 2997 811 3055 facientes.
852 2994 1011 3052 Prohibuit
1033 3002 1130 3052 autem

172 3099 226 3138 eos
248 3079 306 3140 levi
328 3087 405 3138 motu
425 3080 540 3151 manus,
559 3101 596 3140 ne
615 3083 691 3140 hanc
710 3081 844 3160 injuriam
863 3079 1014 3138 Fratribus
1035 3078 1130 3138 nidifi-

172 3172 276 3224 cantes
305 3163 445 3226 lacerent.
503 3167 569 3226 Illis
599 3188 670 3226 vero
706 3166 934 3246 negligentibus,
969 3174 1130 3246 postremo,

172 3258 284 3309 mutato
300 3251 412 3331 spiritu,
427 3260 543 3312 austere
561 3253 733 3332 praecipiens
750 3255 778 3311 in
802 3252 916 3311 nomine
930 3250 1004 3310 Jesu
1019 3251 1130 3310 Christi

171 3335 209 3394 de
223 3336 320 3396 insula
333 3337 488 3396 discedere
501 3339 715 3397 exterminavit.
758 3338 823 3396 Illis
838 3338 925 3414 igitur
937 3357 991 3396 nec
1002 3338 1130 3415 requies,

130 3437 230 3483 35nec
255 3443 347 3493 mora,
368 3423 493 3502 patriam
517 3423 679 3484 secundum
705 3433 883 3504 praeceptum
908 3426 972 3503 ejus
993 3423 1131 3483 deseren-

171 3508 262 3577 tibus,
287 3519 355 3586 post
372 3507 497 3567 triduum
517 3511 590 3569 alter
611 3532 628 3569 e
651 3509 767 3569 duobus
786 3518 933 3569 revertens
953 3509 1129 3587 antepedes

169 3592 296 3653 hominis
316 3593 376 3652 Dei
394 3592 533 3654 fodientis
551 3604 656 3654 terram
673 3617 762 3676 supra
780 3597 894 3655 sulcum
911 3595 1051 3673 expansis
1074 3596 1128 3653 alis

171 3687 202 3738 et
216 3678 357 3738 inclinato
372 3681 468 3759 capite
484 3682 590 3739 sedens
611 3691 640 3740 et
660 3701 785 3740 moereus
800 3680 900 3739 humili
919 3699 994 3738 voce
1014 3680 1130 3738 veniam

168 3763 358 3843 indulgentiae
385 3764 551 3844 deposcens
579 3768 722 3827 crocitare
751 3767 859 3847 coepit.¹
892 3763 1002 3824 Servus
1031 3773 1129 3822 autern

205 4059 211 4088 ¹
232 4059 398 4130 Momentum]
422 4063 557 4111 VitPros.
567 4064 631 4126 Cap.
647 4060 653 4138 Ι
703 4061 723 4090 ²2
740 4056 896 4127 satrapa]
915 4061 969 4108 Vit.
980 4059 1129 4120 Proscap.

168 4145 235 4191 xxi,
257 4133 310 4180 Vit.
324 4133 388 4182 Met.
407 4134 471 4195 Cap.
486 4146 542 4182 xix.
647 4139 651 4200 Ι
669 4147 721 4193 xx;
741 4134 794 4181 vit.
809 4133 872 4180 Met.
888 4132 952 4192 Cap.
965 4144 1043 4178 xvnr.

212 4234 300 4280 'rora
320 4235 359 4279 ll.
842 4233 863 4305 Τ
