2850 4890
453 370 631 429 aoe'roan
649 373 737 421 vau.
755 374 865 421 ouon.
1078 357 1142 425 133

507 765 668 832 CAPUT
690 767 806 833 XLV.

264 929 422 1001 Quomodo
430 936 631 1024 paralyticus
645 940 689 1003 sit
697 961 760 1024 per
774 939 840 1026 ojus
855 940 1062 1005 calceamento
1147 938 1152 943 ’

590 1052 730 1106 sonatum.

185 1239 270 1322 §75.
303 1241 412 1305 Eunu
440 1243 476 1306 in
506 1246 714 1310 monasterio
743 1245 893 1328 quodam
927 1264 996 1309 non
1021 1245 1140 1329 procul
1158 1255 1190 1307 Α.
1201 1257 1236 1307 1).
1248 1259 1307 1306 eos.

152 1340 262 1406 oinde
282 1345 396 1426 posito
418 1346 630 1426 adolescens,
644 1367 697 1424 ea,
711 1367 814 1430 quam
829 1346 943 1411 Graeci
963 1347 1147 1430 paralysin.

184 1454 322 1522 vooant,
342 1446 547 1526 infirmitate,
562 1449 653 1512 omni
668 1449 891 1512 membrorum
907 1446 1017 1512 officio
1037 1447 1143 1512 desti·

184 1551 291 1608 tutus.
337 1545 437 1611 Unde
463 1549 571 1613 abbas
597 1549 707 1631 ipsius
734 1549 858 1612 sciens.
872 1549 908 1611 in
932 1549 1142 1612 monasterio

186 1645 515 1713 Idndisfarnensium
534 1650 685 1714 medicos
705 1668 782 1713 esse
796 1649 1034 1732 peritissimos,
1049 1650 1148 1713 misit-

186 1767 264 1812 eum
284 1749 355 1827 illo,
368 1768 492 1831 rogans
511 1750 709 1829 infirmanti,
728 1751 758 1814 si
779 1750 863 1833 quid
883 1758 1026 1832 possent
1046 1769 1144 1815 cura-

141 1868 174 1913 ιο
186 1851 290 1914 tionis
306 1850 505 1916 conferrent.
548 1851 721 1930 Quicum,
736 1872 799 1917 suo
814 1870 951 1935 quoque
967 1853 1094 1916 abbate
1109 1859 1144 1916 et

186 1952 349 2034 episeopo
367 1953 579 2036 jubentibus,
591 1948 780 2036 'diligenter
799 1954 850 2018 illi
870 1954 1088 2029 adsisterent,
1109 1960 1144 2017 et

185 2053 350 2136 quicquid
370 2063 513 2119 nossent
533 2073 613 2136 erga
630 2076 707 2120 eum
726 2054 905 2119 industriae
929 2055 1143 2119 medicinalis
1190 2067 1195 2076 '

186 2154 430 2236 impenderent,
441 2155 525 2219 nibil
537 2157 673 2220 omnino
684 2156 847 2238 proficere
859 2156 1039 2236 valebant;
1061 2157 1145 2239 quin

188 2256 305 2338 potius
327 2258 502 2321 crescebat
527 2257 681 2340 quotidie
700 2257 839 2320 morbus
859 2263 895 2320 et
918 2257 1085 2339 paulatim
1107 2257 1144 2319 in

143 2377 175 2422 15
188 2358 356 2423 deteriora
379 2361 552 2440 vergebat,
577 2359 663 2423 adeo
681 2367 730 2436 ut,
753 2367 900 2441 excepto
921 2378 990 2435 ore,
1014 2358 1144 2422 nullum

188 2480 277 2543 pene
300 2463 486 2525 membrum
508 2469 628 2543 posset
649 2461 727 2525 loco
752 2480 897 2525 movere.
943 2458 1098 2542 Cumque
1123 2479 1146 2524 a

189 2562 388 2626 carnalibus
400 2563 543 2627 medicis
558 2563 617 2627 diu
632 2562 760 2627 frustra
772 2563 1008 2627 laborantibus
1024 2562 1146 2643 despe-

189 2671 285 2727 ratus
311 2683 353 2727 ac
382 2662 537 2728 desertus
558 2664 701 2747 jaceret,
726 2663 880 2746 confugit
905 2663 949 2727 ad
978 2663 1146 2727 auxilium

189 2765 312 2828 medici
327 2764 478 2829 coelestis
489 2786 508 2847 ;Δ
520 2767 580 2848 qui
595 2767 631 2829 in
650 2765 795 2830 veritate
815 2765 956 2848 petitus,
975 2762 1146 2846 propitius

145 2886 177 2930 ao
191 2866 230 2930 fit
260 2867 418 2930 omnibus
446 2867 686 2949 iniquitatibus
715 2866 854 2944 nostris,
886 2873 922 2930 et
952 2864 1012 2948 qui
1044 2870 1148 2928 sanat

189 2988 308 3032 omnes
322 2970 502 3050 languores
515 2976 663 3033 nostros.
702 2967 854 3050 Rogavit
868 2985 1015 3049 namque
1029 2965 1148 3029 minis·

190 3079 281 3136 trum
301 3090 412 3146 suum,
432 3078 471 3134 ut
495 3071 647 3152 aliquam
670 3070 736 3133 sibi
757 3069 949 3151 portionem
971 3067 1014 3131 de
1036 3068 1149 3130 incor-

189 3172 412 3255 ruptibilibus
438 3173 528 3235 sacri
550 3171 703 3253 corporis
724 3169 872 3233 adferret
893 3168 1039 3244 exuviis,
1065 3167 1148 3249 quia

191 3274 345 3338 crederet
354 3293 416 3355 per
426 3272 527 3356 hujus
541 3292 578 3336 se
589 3274 750 3337 virtutem
760 3272 804 3336 ad
819 3271 963 3352 gratiam
975 3269 1148 3347 sanitatis,

147 3396 179 3440 25
192 3375 341 3440 Domino
355 3375 530 3456 largiente,
542 3393 765 3438 reversurum.
811 3371 892 3450 Qui,
913 3373 1071 3435 consulto
1088 3372 1148 3435 ab·

190 3479 283 3554 bate,
308 3477 425 3539 attulit
444 3477 689 3551 calceamenta,
708 3494 787 3558 quae
806 3475 870 3538 viri
891 3473 959 3537 Dei
979 3473 1016 3536 in
1035 3473 1149 3554 sepul-

191 3578 271 3643 chro
300 3578 405 3660 pedes
435 3577 629 3654 induerant,
658 3583 693 3639 et
723 3595 766 3639 ea
792 3575 937 3656 pedibus
970 3573 1149 3637 dissolutis

193 3679 314 3762 aegroti
344 3678 587 3758 circumdedit3
621 3677 792 3760 siquidem
817 3677 926 3760 primo
955 3695 977 3739 a
1004 3674 1150 3756 pedibus

193 3802 271 3847 eum
296 3780 468 3863 paralysis
495 3778 774 3861 adprehenderat.
820 3777 919 3840 Fecit
941 3782 1056 3839 autem
1084 3771 1149 3836 hoc

216 4045 358 4096 '¹Carur
388 4039 462 4114 rra]
508 4045 564 4094 vit.
585 4045 651 4094 Met·
722 4039 743 4070 ’ἢ
761 4034 945 4107 Calceamentis]
965 4037 1152 4100 SeeMartene,

192 4120 256 4182 Cap.
268 4130 346 4169 narn.
479 4130 482 4137 ·
690 4114 729 4162 De
739 4112 828 4172 Antiq.
843 4112 915 4160 Eccl.
928 4111 979 4158 Rit.
992 4109 1021 4157 ii.
1031 4111 1089 4157 367.
