2850 4890
229 349 293 414 184
513 363 605 410 iura
622 361 651 411 s.
669 359 902 422 cuneuacrr,

60 535 93 584 Α.
103 534 137 584 1).
148 538 207 586 ene.
231 523 342 586 noctis
367 520 477 600 initio,
503 541 579 586 cnm
606 529 739 604 tempus
766 519 1003 605 requiescendi
1029 516 1184 596 adesset3

230 624 415 706 statimque
424 622 483 686 ille
493 622 665 706 placidum
675 623 836 687 dimissus
847 624 883 686 in
894 638 1185 704 soporem,procc-

232 726 333 788 dente
341 725 555 806 intempestae
564 724 677 788 noctis
689 724 838 803 silentio,
846 725 954 807 coepit
962 723 1104 788 alternis
1112 721 1186 804 pal-

231 827 341 908 pitare
355 824 511 907 pedibuS,
525 833 564 889 ut
578 826 694 908 palam
708 825 768 909 qui
780 825 969 907 vigilabant
977 833 1013 889 et
1023 823 1187 888 videbant

232 926 380 991 ministri
395 925 715 1005 animadverterent,
727 927 811 1010 quia
821 925 950 990 donata
959 944 1022 1009 per
1033 924 1198 1008 reliquias
1210 943 1223 985 5

230 1028 296 1092 viri
327 1029 438 1092 sancti
466 1029 591 1094 virtute
615 1027 818 1105 medicandi,
849 1029 983 1093 sanitas
1014 1033 1185 1109 optatae

231 1130 351 1212 planta
361 1128 487 1211 pedum
502 1149 564 1211 per
577 1138 692 1194 cetera
705 1129 858 1193 membra
872 1135 964 1194 esset
976 1128 1184 1192 transitura:

231 1238 268 1295 at
277 1231 335 1294 ubi
345 1239 546 1295 consuetum
557 1231 594 1293 in
605 1230 813 1294 monasterio
823 1228 1184 1294 nocturnanrationis

231 1333 364 1415 signum
374 1333 537 1409 insonuit,
547 1332 721 1397 excitatus
730 1332 846 1397 sonitu
854 1331 979 1397 resedit
988 1332 1075 1414 ipse.
1109 1330 1185 1394 Nec

230 1452 336 1512 mora,
355 1433 513 1498 solidatis
533 1433 667 1498 interna
684 1434 810 1498 virtute
836 1433 961 1509 nervis,
982 1440 1184 1514 artuumque
1196 1449 1225 1493 10

230 1536 452 1618 compagibus
469 1536 650 1612 universis,
673 1555 715 1599 ac
739 1535 854 1599 dolore
875 1534 1006 1616 fugato,
1025 1540 1185 1599 sanatum

231 1657 269 1702 se
284 1656 362 1702 esse
376 1638 569 1720 intelligens
581 1638 740 1715 surrexit,
752 1645 788 1702 et
801 1638 837 1701 in
850 1637 1036 1720 gratiarum
1049 1637 1186 1701 actione

230 1737 379 1803 Domino
402 1757 501 1802 omne
519 1748 706 1817 noctumae,
728 1740 802 1804 sive
824 1740 1016 1817 matutinae,
1034 1738 1186 1821 psalmo·

229 1840 295 1905 diae
321 1849 457 1922 tempus
480 1841 606 1904 stando
630 1841 806 1922 persolvit.
850 1839 957 1904 Mane
975 1848 1092 1906 autem
1109 1838 1186 1923 jam

227 1938 331 2018 facto,
359 1942 529 2023 processit
557 1941 601 2005 ad
630 1941 823 2021 ecclesiam,
852 1942 1119 2025 videntibusque
1149 1949 1186 2006 et
1196 1960 1225 2004 15

227 2043 542 2123 congratulantibus
578 2043 760 2121 universis,
795 2045 918 2109 circuit
950 2045 1028 2108 loca
1060 2049 1184 2108 sancta

227 2144 369 2222 orando,
391 2152 427 2209 et
448 2163 512 2208 suo
531 2145 705 2210 Salvatori
723 2146 927 2210 sacrificium
950 2145 1065 2209 laudis
1087 2143 1185 2208 offer-

227 2246 326 2310 endo.
369 2246 582 2330 Factumque
597 2256 650 2312 est
669 2254 709 2313 ut
728 2248 956 2331 pulcherrima
968 2266 1082 2312 rerum
1103 2265 1185 2310 con-

227 2349 393 2426 versione,
421 2350 451 2413 is
480 2350 539 2432 qui
569 2349 757 2414 dissolutus
784 2358 858 2414 toto
884 2367 1022 2430 corpore
1042 2347 1124 2411 illuc
1145 2347 1184 2411 in

226 2448 384 2513 vehiculo
403 2449 555 2532 perlatus
575 2449 699 2528 fuerat,
721 2450 800 2515 inde
820 2451 950 2515 strictis
970 2449 1184 2533 firmatisque
1194 2468 1225 2513 no

226 2551 385 2614 membris
400 2552 569 2629 omnibus,
585 2550 721 2614 domum
734 2572 797 2634 per
808 2572 845 2617 se
857 2553 979 2617 rediret
989 2552 1182 2618 incolumis.

228 2649 329 2716 Unde
353 2653 549 2718 meminisse
568 2653 681 2736 juvat,
705 2655 787 2736 quia
812 2654 886 2718 haec
909 2662 963 2718 est
987 2652 1183 2717 immutatio

226 2753 379 2818 dexterae
395 2755 547 2834 Excelsi,
559 2755 657 2839 cujus
672 2756 894 2821 memoranda
910 2757 953 2819 ab
969 2755 1068 2819 initio
1079 2755 1182 2819 mira·

225 2855 309 2920 bilia
323 2857 450 2920 mundo
464 2857 593 2940 fulgere
607 2877 676 2921 non
692 2865 841 2921 cessant.

542 3176 703 3242 carun
725 3175 862 3241 xnvr.
1007 3142 1011 3157 '
1097 3180 1100 3187 ·
1192 3195 1221 3238 25

230 3343 376 3414 Qualiter
387 3347 575 3410 anachorita
592 3346 758 3432 Felqeldus
773 3348 959 3432 operimento
967 3345 1106 3430 parietis
1117 3345 1184 3433 ejus

439 3450 483 3511 sit
497 3472 518 3512 a
532 3449 635 3513 cultas
651 3460 767 3512 tumore
780 3449 954 3512 mandatas.

226 3650 310 3735 §Vb
341 3649 424 3713 Nnc
449 3651 720 3733 praetereundum
745 3650 888 3714 arbitror
914 3648 996 3730 quid
1025 3649 1180 3712 miraculi

226 3751 377 3818 coelestis
398 3752 503 3823 etiam
522 3771 584 3834 per
603 3751 767 3834 reliquias
788 3749 996 3814 sanctissimi
1016 3748 1179 3828 Oratorii,

223 3855 259 3917 in
281 3873 350 3936 quo
372 3854 476 3917 Pater
496 3852 701 3916 venerabilis
726 3852 900 3915 solitarius
921 3850 1071 3914 Domino
1091 3852 1222 3915 mili-eo

334 4082 353 4110 ’ὅ
371 4084 462 4133 Cenon
474 4076 587 4150 XLVI]
607 4083 660 4131 Vit
672 4081 737 4130 Met.
752 4080 818 4141 Cap.
831 4092 903 4128 univ.
916 4091 977 4126 xiv.
990 4092 1063 4152 xnur.
