2850 4890
204 349 247 411 12
485 361 568 408 vrrs
592 358 620 406 S.
645 356 866 416 contionum,

531 667 697 733 CAPUT
722 667 831 732 VIII.

209 845 364 918 Quomodo
387 845 537 908 animalia
552 842 659 921 moris,
675 843 782 929 inquo
801 864 920 926 pernox
936 855 1090 918 oraverat,
1107 843 1159 908 itt·

257 967 396 1032 regresso
413 946 605 1029 praebuerint
626 945 820 1029 obsequium·
845 954 871 1006 et
887 943 1009 1030 frater,
1027 946 1083 1030 qui
1104 946 1158 1008 doc

257 1047 378 1110 videbat
399 1070 470 1131 prae
496 1049 604 1110 timore
628 1046 835 1131 languescens,
863 1044 929 1130 ejus
957 1044 996 1109 sit
1020 1045 1158 1109 oratione

258 1159 426 1212 recreatus.
1189 1158 1204 1200 ⁵

115 1342 127 1361 ·
176 1327 180 1334 “
228 1384 230 1388 ,
259 1325 424 1392 luteum
435 1323 575 1410 juvenis
590 1323 712 1389 solitos
729 1332 919 1389 nocturnus
936 1322 980 1387 ad
994 1323 1142 1407 hymnos

209 1426 423 1509 Digreditur,
438 1426 532 1491 lento
549 1425 690 1511 quidam
706 1445 809 1509 quem
824 1424 911 1489 c'alle
926 1432 1067 1508 secutus

208 1526 310 1591 Illius
325 1527 475 1592 incertos
492 1527 629 1592 studuit
642 1524 820 1590 dinoscere
835 1543 987 1608 gressus

208 1626 265 1691 Ad
281 1634 376 1692 mare
393 1627 602 1707 deveniunt;
626 1625 716 1690 collo
733 1633 835 1689 tenus
851 1625 981 1691 inditus
996 1623 1099 1688 undis

209 1729 406 1792 Marmoreo
420 1727 632 1792 Gutberhtus
650 1727 725 1808 agit
741 1726 805 1789 sub
823 1727 973 1790 carmine
990 1733 1138 1790 noctem.
1173 1729 1204 1774 ¹⁰

210 1829 398 1912 Egreditur
414 1835 535 1911 ponto,
551 1827 767 1910 genibusque
782 1827 819 1890 in
836 1827 954 1890 littore
971 1825 1065 1904 fixis,

209 1928 390 2012 Expendit
403 1928 559 2009 geminas
573 1925 724 2009 supplex
741 1924 785 1990 ad
802 1926 918 1991 sidera
934 1927 1081 2010 palmas.

209 2030 301 2094 Tum
319 2029 436 2106 maris,
450 2048 541 2106 ecce,
559 2028 627 2092 duo
646 2027 790 2093 veniunt
807 2027 971 2091 animalia
988 2027 1106 2106 fundo,

209 2130 314 2196 Vatis
329 2136 364 2193 et
381 2135 463 2192 ante
479 2129 583 2211 pedes
599 2126 697 2192 fulva
714 2135 917 2193 sternuntur
933 2148 1060 2209 arena;

210 2231 305 2296 Hinc
322 2228 456 2312 gelidas
471 2228 555 2293 villo
573 2228 727 2311 flatuque
741 2228 895 2293 foventia
908 2229 1059 2312 plantas,
1174 2238 1205 2283 1⁵

210 2332 424 2414 AEquoreum
440 2336 584 2412 tergunt
599 2337 719 2393 sancto
737 2327 779 2393 de
795 2348 938 2413 corpore
952 2329 1063 2413 frigus
1076 2350 1085 2410 ;

210 2429 373 2514 Supplice
389 2437 463 2495 tum
480 2437 568 2495 nutu
585 2449 661 2493 sese
675 2430 869 2493 benedicier
885 2438 998 2494 orant.

210 2532 281 2612 Qui
298 2549 424 2613 parens
438 2530 541 2608 votis,
558 2531 664 2594 verbo
682 2530 874 2613 dextraque
891 2531 1058 2596 ministris

211 2630 386 2714 Impendit
402 2625 531 2712 g‘rateS,
548 2631 748 2713 patriasque
763 2632 908 2696 remittit
923 2630 967 2695 ad
984 2632 1108 2711 undas,

211 2732 265 2798 Ac
282 2731 454 2795 matutino
470 2732 572 2797 tectis
589 2751 627 2795 se
644 2740 799 2814 tempore
817 2731 941 2796 reddit.
1172 2740 1206 2784 2⁰

262 2831 299 2896 H
302 2851 352 2895 aec
369 2850 483 2896 comes
498 2840 538 2897 ut
554 2832 642 2896 vidit
658 2832 838 2915 perculsus
855 2833 961 2897 corda
977 2852 1120 2915 pavore,

211 2932 454 3000 Semianimem
471 2951 577 2997 curvo
595 2932 716 2997 flatum
730 2932 838 2999 trahit
855 2933 993 2998 abditus
1011 2941 1124 3012 antro,

212 3034 262 3100 At
279 3032 438 3097 revoluta
454 3031 527 3096 dies
545 3034 657 3098 noctis
674 3051 752 3097 cum
769 3033 912 3116 pelleret
929 3036 1081 3111 umbraS,

213 3137 323 3218 AEger
338 3133 436 3197 adest
454 3134 527 3198 vati
544 3135 705 3218 supplex,
723 3135 936 3216 genibusque
952 3134 1092 3198 volutus

209 3237 257 3302 Se
272 3235 384 3319 poscit
402 3234 552 3299 Domino
570 3255 671 3318 prece
684 3234 923 3298 commendare
939 3234 1093 3317 profusa,
1173 3243 1204 3290 2⁵

214 3336 380 3402 Inciderit
395 3343 556 3400 moestam
574 3337 689 3400 subito
707 3335 797 3417 quod
814 3333 964 3417 pondere
977 3343 1122 3400 noctem.

213 3437 330 3503 ‘Num
353 3443 508 3501 nostrum
534 3457 553 3500 e
578 3435 759 3520 speculiS,'¹
773 3433 875 3512 dixit,
898 3436 1085 3501 ‘tentando
1107 3437 1159 3500 la-

367 3543 481 3602 tenter

214 3641 404 3706 Lustrabas
420 3637 550 3701 itineri
579 3636 640 3700 sed
653 3655 744 3700 nunc
762 3637 945 3701 donabitur
960 3656 1055 3700 emor

213 3742 234 3808 J
239 3762 295 3806 am
312 3740 375 3804 tibi
389 3737 557 3822 poscenti,
571 3738 694 3802 retices
712 3737 743 3800 si
759 3739 846 3816 visa,
864 3757 1044 3821 quousque
1174 3759 1206 3805 oo

214 3842 389 3908 Decedam
405 3837 556 3902 mundo!
607 3837 807 3920 Summique
821 3839 981 3922 exempla
993 3839 1152 3921 magistri

250 4106 452 4182 ¹cnrmV111.]
465 4112 516 4162 vit.
526 4112 600 4162 Pros.
610 4111 692 4241 Cap,
739 4108 758 4143 ¹³
776 4112 923 4178 Aoiorob'off]
949 4115 1015 4165 Quae
1039 4114 1161 4164 Lutresa

702 4183 778 4245 vulgo
789 4189 920 4248 vocantur,
933 4185 962 4234 C.
975 4185 1005 4233 H
1015 4189 1040 4247 2,
1049 4187 1124 4247 gloss.

214 4201 240 4239 Χ.
