2850 4890
275 370 374 418 nrsr.
391 369 707 418 rnuusuarronrs
725 369 754 418 s.
772 371 1007 421 curnaan'rr.
1078 360 1143 424 301

188 514 312 593 aufugit.
358 514 435 574 Cum
455 515 530 573 enim
550 535 568 574 a
588 514 637 574 via
655 514 907 594 praedecessorum
926 539 1043 577 suorum
1060 521 1144 579 aber·
1163 525 1240 576 Α.Ι).
1252 530 1310 577 att.

186 620 266 671 raus,
289 601 428 680 populum
449 601 541 680 ipsius
561 601 654 660 sancti
679 609 709 659 et
728 621 791 669 eos,
811 602 862 681 qui
882 603 909 660 in
930 603 1059 663 ecclesia
1078 609 1143 685 ejus

187 687 365 754 serviebant,
398 687 522 746 avaritia
554 706 716 745 succensus
750 685 903 765 affligeret,
936 691 1092 750 exterritus
1124 712 1143 751 a

186 782 291 830 sancto
320 793 370 851 per
399 772 542 830 somnium
564 773 670 850 jussus
697 780 744 830 est
770 776 945 851 quantocius
978 773 1141 837 discedere.

159 871 173 914 a
188 856 268 914 Dum
283 856 333 916 ille
347 857 486 927 differret,
502 857 634 916 secunda
647 865 734 916 nocte
747 858 945 918 vehementius
962 880 1029 918 eum
1049 862 1141 921 incre·

186 961 262 1020 paus
295 942 466 1002 festinanter
494 944 574 1001 abire
596 943 699 1021 jussit,
728 962 843 1022 poenam
872 945 899 1003 ei
927 945 1085 1018 intentans,
1116 949 1142 1007 si

185 1026 322 1086 tardaret.
364 1028 434 1087 Nec
452 1029 497 1088 sic
516 1026 635 1108 quidem
648 1027 697 1086 ille
711 1026 830 1087 obedire
845 1030 947 1100 voluit,
961 1050 1040 1100 cum,
1058 1053 1141 1105 ecce,

186 1114 282 1184 tertio,
310 1114 402 1174 multo
430 1133 519 1192 quam
547 1122 615 1173 ante
643 1114 782 1184 severior,
805 1115 885 1173 illum
911 1114 1089 1194 aggreditur,
1111 1129 1141 1179 et

186 1199 383 1275 quamcitius
404 1219 471 1258 eum
497 1197 638 1277 aufugere
662 1199 814 1279 praecepit,
838 1219 894 1258 nec
918 1200 1076 1280 quicquam
1102 1203 1140 1263 de

143 1297 174 1340 ιο
185 1285 274 1343 rebus
294 1284 429 1344 ecclesiae
450 1304 549 1344 secum
570 1292 721 1363 asportare
741 1296 940 1364 praesomcret,
960 1286 985 1344 si
1007 1287 1140 1366 aliquan·

185 1368 237 1427 diu
269 1369 408 1440 tardaret,
441 1377 563 1428 mortem
591 1369 633 1428 illi
659 1370 746 1429 citius
779 1370 932 1430 affuturam
965 1372 1139 1436 minabatur.

185 1454 424 1534 Expergefactus
439 1455 477 1514 de
489 1475 592 1514 somno
601 1453 847 1534 coepitinfirmari,
857 1465 930 1516 etue
939 1466 1059 1517 mortem
1069 1480 1138 1518 mox

185 1539 346 1600 incurreret
353 1543 433 1600 abire
444 1542 578 1620 quamvis
594 1549 739 1619 aegrotans
753 1539 911 1600 festinavit.
949 1543 1028 1602 Dum
1040 1552 1138 1603 autem

183 1624 300 1702 fugiens
321 1626 401 1686 circa
423 1626 592 1685 Eboracum
616 1626 746 1686 venisset
768 1628 924 1686 sanitatem
940 1629 1062 1709 recepit,
1086 1651 1139 1710 pro

140 1724 171 1768 15
184 1730 244 1789 quo
258 1709 411 1772 Aldredus
426 1710 595 1771 cathedram
610 1711 809 1791 episcopalem
825 1712 1007 1774 conscendit.

227 1800 309 1869 §l9.
344 1797 437 1856 Anno
465 1798 502 1856 ab
530 1797 728 1857 incarnatione
757 1795 877 1855 Domini
906 1811 1302 1871 ncccchV111,A.D.9us.

185 1879 345 1940 Edmundo
359 1903 427 1961 rege
442 1891 567 1954 mortuo,
581 1882 670 1941 frater
683 1883 747 1960 ejus
764 1881 919 1942 Eadredus
938 1884 1044 1943 solium
1058 1887 1140 1963 regni
1157 1878 1289 1968 Tssffofm

184 1966 368 2038 conscendit,
381 1969 426 2028 vir
439 1968 557 2046 pietatis
571 1967 666 2027 cultor
682 1974 713 2026 et
726 1968 864 2046 justitiae,
878 1969 929 2047 qni
947 1971 1046 2040 eham,
1063 1972 1141 2030 sicut
1180 1980 1236 2030 rrug.

184 2060 216 2110 et
247 2051 352 2112 fratres
385 2057 460 2132 ejus,
488 2052 646 2112 ecclesiam
679 2053 773 2111 sancti
803 2053 958 2113 cuthberti
990 2056 1139 2134 regalibus

139 2151 172 2196 2⁰
184 2135 312 2196 donariis
340 2138 481 2199 visitavit.
539 2137 660 2198 Mortuo
689 2145 787 2197 autem
816 2138 953 2199 Aldredo
984 2141 1139 2222 episcopo,

184 2222 282 2302 Elfsig
293 2244 346 2303 pro
361 2245 397 2283 eo
412 2224 504 2303 ipsius
519 2224 656 2283 ecclesiae
671 2224 871 2301 gubernacula
880 2225 908 2283 in
921 2223 1140 2287 Ouuecacestre

183 2311 325 2388 suscepit,
350 2308 501 2369 ordinatus
529 2310 656 2368 Eboraci
684 2310 723 2367 ab
751 2309 887 2368 Oscetilo
915 2311 1139 2392 archiepiscopo

182 2403 315 2474 tempore
331 2395 462 2474 Eadgari
479 2395 568 2472 regis,
591 2395 642 2474 qui
658 2393 765 2452 Edwio
784 2394 865 2452 fratri
881 2395 911 2452 in
927 2415 1047 2474 reguum
1072 2418 1139 2457 suc-

183 2487 325 2539 cesserat.
382 2481 552 2540 Transactis
581 2487 678 2539 autern
706 2480 734 2538 in
763 2480 937 2559 episcopatu
967 2501 1022 2540 suo
1046 2499 1138 2543 xx11.

139 2580 170 2624 25
183 2565 276 2640 annis,
293 2564 390 2644 Elfsig
403 2566 560 2626 defunctus
575 2575 631 2636 est,
646 2585 699 2644 pro
713 2586 772 2644 quo
786 2565 900 2624 electus
919 2573 966 2625 est
984 2573 1015 2625 et
1034 2587 1139 2628 cousc-

183 2661 283 2710 cratus
298 2652 455 2731 episcopus
469 2653 513 2712 vir
526 2652 641 2710 eximiae
656 2650 805 2729 religionis
822 2650 995 2723 Aldhnnus,
1009 2673 1086 2712 anuo
1100 2655 1139 2713 ab

183 2736 380 2796 incarnatione
401 2736 510 2797 domini
534 2753 776 2807 nccccnxxxx,
801 2737 850 2815 qui
875 2747 923 2797 est
944 2736 1138 2800 duodecimus
1158 2754 1192 2806 A.
1201 2757 1300 2806 Dauo.

183 2841 277 2881 annus
305 2823 416 2903 imperii
443 2824 522 2900 regis
547 2822 710 2891 Ethelredi,
734 2822 784 2901 qui
810 2829 878 2901 post
901 2831 1022 2881 mortem
1042 2823 1138 2884 fratris

184 2907 325 2967 Edwardi
346 2908 449 2968 fraude
471 2928 608 2968 novercae
634 2927 695 2966 suae
719 2907 886 2966 miseranda
906 2928 979 2967 nece
1003 2912 1137 2989 peremti,

139 3008 171 3052 au
183 3003 332 3072 sceptrum
351 2995 431 3072 regui
451 2994 585 3053 obtinuit.
630 2993 704 3050 Erat
717 3002 815 3051 autem
831 2992 908 3051 idem
927 2995 1049 3054 antistes
1070 3017 1137 3075 pro-

183 3079 267 3157 sapia
283 3079 401 3150 nobilis,
424 3079 478 3138 sed
495 3079 606 3159 placita
626 3076 693 3137 Deo
707 3078 930 3137 conversatione
947 3080 1039 3139 multo
1054 3081 1137 3140 nobi-

182 3163 247 3233 lior,
275 3164 386 3234 habitu,
412 3166 490 3224 sicut
518 3185 620 3223 omnes
648 3161 884 3242 praedecessores
909 3165 984 3241 ejus,
1010 3175 1040 3225 et
1069 3174 1137 3225 actu

182 3249 343 3328 probabilis
358 3251 530 3309 monachus.
575 3249 671 3327 Cujus
689 3249 842 3326 probitatis
856 3247 973 3308 laudem
991 3253 1138 3326 amajori·

182 3337 239 3393 bus
257 3336 312 3393 sibi
333 3334 468 3394 traditam
485 3335 630 3412 indigenae
650 3354 725 3412 pene
745 3353 859 3404 omnes,
880 3336 943 3394 acsi
961 3356 1027 3394 eum
1049 3338 1138 3397 hodie

138 3419 325 3491 striderent,
339 3419 498 3500 praerlicare
513 3421 618 3480 solent.

225 3510 301 3578 §⁸20.
337 3505 430 3564 Anno
454 3513 552 3564 antem
582 3505 620 3563 ab
647 3502 845 3562 incarnatione
873 3502 994 3564 Domini
1016 3522 1138 3566 ncccc·
1156 3516 1191 3565 A.
1203 3518 1234 3566 D.
1246 3520 1304 3567 995.

184 3595 338 3660 Lxxxxv,
351 3591 462 3670 imperii
473 3610 543 3649 vero
555 3587 705 3649 Ethelredi
716 3588 793 3665 regis
805 3605 897 3659 xvu,
912 3589 989 3648 idem
1004 3591 1137 3663 antistes,
1156 3583 1300 3674 {lgfflssf

184 3675 338 3754 incipiente
352 3678 416 3754 jam
436 3675 552 3754 accepti
573 3673 747 3754 praesulatus
767 3689 803 3731 vr
825 3692 913 3744 anno,
931 3674 1044 3735 coelesti
1062 3696 1136 3755 prae·
1156 3685 1287 3774 {fmffdw

183 3761 311 3820 monitus
325 3771 372 3821 est
385 3760 515 3834 oraculo,
531 3769 563 3819 ut
580 3778 647 3818 cnm
668 3759 837 3837 incorrupto
855 3759 1032 3818 sanctissimi
1046 3762 1137 3839 patris
1186 3745 1213 3785 ⁹⁰
1230 3762 1237 3776 ⁶

138 3862 171 3907 4ο
182 3865 304 3926 corpore
323 3847 499 3925 quantocius
518 3844 635 3924 fugiens
657 3852 896 3922 superventuram
916 3845 1073 3922 piratarum
1092 3867 1137 3906 ra·

183 3931 261 3989 biem
275 3930 446 3991 declinaret.
476 3930 558 3990 Tulit
572 3929 644 3990 illud
661 3945 749 3988 exul
765 3948 852 3996 anno,
867 3947 904 3986 ex
919 3949 980 4007 quo
994 3929 1023 3988 iu
1038 3929 1137 3991 Cune-

182 4024 316 4076 cacestre
329 4017 459 4077 locatum
473 4016 577 4087 fuerat,
592 4024 622 4075 et
634 4014 702 4073 iude
712 4033 778 4072 cum
792 4014 880 4083 omni,
892 4015 942 4092 qui
957 4016 1021 4093 ejus
1032 4015 1138 4076 dicitur

181 4101 304 4181 populo,
324 4102 353 4160 in
370 4101 473 4182 Ripuu
492 4101 711 4181 transportavit.
756 4097 793 4157 In
815 4118 875 4178 qua
892 4097 963 4177 fuga
983 4098 1054 4159 illud
1076 4122 1137 4176 me-

183 4186 322 4246 morabile
336 4187 437 4259 fertur,
453 4187 533 4267 quod
547 4188 575 4246 iu
591 4193 672 4246 tanta
687 4182 870 4243 multitudine
886 4204 971 4244 nemo
987 4204 1004 4243 a
1019 4187 1137 4246 minimo
