2850 4890
235 338 300 405 172
435 355 524 404 vrrs.
541 353 649 403 annu
667 354 906 417 cuaourcou,
921 351 1010 404 srva

86 533 150 575 ineo
229 512 406 593 liberatus,
419 512 594 597 Ephesum
613 514 725 578 rediit.
768 513 815 579 Et
827 512 912 599 quia
924 533 1144 594 concussam,
1157 535 1193 581 se

29 583 113 690 iffi
126 584 212 688 chff'
229 615 383 692 absente,
402 635 463 698 per
487 614 667 680 haereticos
688 614 774 682 vidit
798 615 954 680 ecclesiae
974 615 1089 694 fidem,
1108 635 1191 681 con·

227 716 342 779 festim
375 715 476 794 hane,
505 716 678 799 descripta
711 716 748 779 in
776 716 955 799 evangelio
987 736 1053 782 suo
1082 717 1190 783 Verbi

229 816 297 881 Dei
312 817 518 894 aeternitate,
532 817 712 881 stabilivit.

35 932 109 979 roco.
142 932 200 980 rie.
270 917 441 1001 Trajanus
462 933 895 996 annosxrx,mensesv1,
915 917 992 982 dies
1014 934 1082 983 xv.
1126 918 1229 984 Jo-⁵

228 1040 336 1086 annes
365 1020 545 1103 apostolus
574 1018 792 1101 sexagesimo
821 1025 945 1084 octavo
980 1038 1073 1084 auno
1110 1028 1192 1102 post

227 1121 425 1206 passionem
444 1120 593 1198 Domini,
609 1121 724 1185 aetatis
739 1126 854 1184 autem
873 1139 946 1185 suae
964 1120 1190 1203 nonagesimo

228 1230 363 1300 octavo,
387 1220 515 1304 Ephesi
543 1221 682 1303 placida
710 1227 818 1285 morte
847 1221 990 1305 quievit.
1037 1221 1190 1306 Trojano

229 1324 409 1390 adversum
451 1321 666 1386 Christianos
707 1323 981 1405 persecutionem
1019 1331 1190 1403 movente,

229 1426 379 1502 Simeon,
393 1424 453 1509 qui
468 1430 503 1487 et
514 1422 631 1487 Simon
646 1422 737 1487 lilius
747 1421 921 1505 Cleophae,
933 1423 1192 1508 Hierosolymo-
1202 1444 1231 1488 ro

228 1546 304 1590 rum
318 1527 502 1608 episcopus
517 1523 745 1605 crucifigitur;
767 1530 802 1588 et
822 1523 979 1606 Ignatius
993 1525 1190 1590 Antiochiae

229 1629 412 1712 episcopus
422 1624 568 1690 Romam
576 1624 763 1706 perductus
774 1624 895 1689 bestiis
905 1624 1063 1690 traditur.
1081 1624 1190 1691 Alex-

230 1729 335 1794 ander
354 1746 491 1811 quoque
512 1724 680 1790 Romanae
700 1724 795 1788 urbis
816 1725 1001 1808 episcopus
1025 1728 1191 1810 martyrio

228 1838 420 1907 coronatur,
431 1835 467 1892 et
477 1827 625 1910 septimo
637 1828 681 1891 ab
692 1828 775 1891 urbe
787 1826 946 1891 milliario
961 1828 1020 1893 via
1035 1827 1189 1893 Numen-

229 1940 324 2008 tana,
337 1931 397 1993 ubi
411 1929 602 1993 decollatus
618 1934 681 2006 est,
697 1928 871 2011 sepelitur.
915 1927 1051 1994 Plinius
1066 1949 1189 1994 secun-
1200 1950 1228 1994 rs

229 2032 293 2096 dus
320 2028 594 2096 Novocomensis
623 2037 739 2093 orator
768 2035 803 2093 et
830 2027 1014 2094 historicus
1044 2031 1190 2113 insignis

163 2130 167 2139 '
229 2132 384 2210 habetur,
418 2131 518 2216 cujus
554 2130 700 2214 plurima
733 2131 860 2212 ingenii
894 2150 999 2214 opera
1034 2140 1188 2197 exstant.

173 2279 176 2283 v
230 2233 412 2300 Pantheon
437 2233 569 2309 Romae,
594 2232 686 2315 quod
713 2232 934 2298 Domitianus
960 2232 1101 2313 iecerat,
1123 2234 1190 2299 ful-

230 2337 321 2401 mine
346 2340 619 2414 concrematum
642 2333 698 2397 cui
725 2354 848 2398 nomen
873 2334 952 2398 inde
978 2335 1097 2399 datum
1123 2344 1189 2415 est,

230 2437 321 2521 quod
336 2436 487 2500 omnium
502 2435 643 2498 deorum
657 2434 704 2498 sit
714 2434 793 2516 ipsa
808 2435 929 2498 domus
943 2435 1189 2506 habitaculum.
1200 2458 1232 2503 no

228 2539 344 2603 Judaei
371 2557 433 2620 per
462 2536 618 2600 diversas
645 2542 811 2599 terrarum
838 2543 956 2618 partes
984 2536 1188 2603 seditionem

183 2692 188 2711 .
229 2647 416 2716 moventes,
436 2637 539 2719 digna
559 2634 653 2700 caede
674 2642 878 2700 sternuntur.
921 2636 1092 2720 Trajanus
1117 2639 1189 2705 Ro·

227 2742 321 2806 mani
331 2739 476 2822 imperii,
487 2739 577 2821 quod
588 2746 669 2820 post
681 2737 877 2819 Augustum
888 2738 1064 2803 defensum
1077 2743 1191 2824 magis·

226 2844 338 2908 suerat
355 2862 459 2925 quam
477 2839 638 2905 nobiliter
656 2839 868 2922 ampliatum,
886 2839 971 2905 fines
984 2841 1086 2924 longe
1100 2843 1189 2908 late·

226 2964 293 3029 que
307 2943 453 3008 diffudit.
1198 2965 1229 3010 aa

267 3044 442 3110 Adrianus
463 3044 676 3109 consobrinae
691 3042 833 3127 Trajani
853 3043 942 3108 filius
964 3063 1072 3109 annos
1095 3062 1185 3111 xxi.

226 3147 295 3212 Hic
322 3168 382 3230 per
406 3147 621 3226 Quadratam
645 3146 852 3228 discipulum
875 3146 1132 3227 Apostolorum,
1151 3155 1187 3213 et

206 3247 413 3312 'Aristidem
437 3247 695 3324 Atheniensem,
721 3249 828 3312 virum
853 3247 919 3312 fide
945 3248 1186 3332 sapientiaque

223 3351 373 3432 plenum,
395 3355 430 3412 et
452 3368 514 3431 per
535 3350 699 3413 Serenum
722 3348 889 3412 Granium
907 3348 1068 3430 legatum,
1088 3350 1185 3415 libris

224 3452 266 3515 de
282 3448 480 3514 Christiana
495 3449 656 3531 religione
669 3448 870 3531 compositis
882 3449 1083 3528 instructus,
1094 3470 1184 3532 prae·
1195 3471 1226 3516 ao

224 3551 317 3635 cepit
331 3570 391 3633 per
405 3550 585 3632 epistolam
599 3549 815 3614 Christianos
829 3550 903 3614 sine
919 3549 1056 3634 objectu
1071 3551 1183 3616 crimi-

223 3673 306 3716 num
320 3672 389 3715 non
403 3651 568 3715 damnari.
613 3651 708 3714 Idem
719 3650 743 3714 J
745 3650 863 3714 udaeos
876 3652 1026 3715 secundo
1038 3654 1189 3719 rebelles

225 3755 345 3818 ultima
366 3753 460 3817 caede
480 3752 682 3834 perdomuit,
698 3752 802 3843 etiam
822 3752 1016 3815 introeundi
1030 3754 1080 3816 eis
1097 3753 1184 3819 Hie-

224 3856 432 3938 rosolymam
451 3856 592 3919 licentia
613 3853 742 3931 ablata,
757 3874 861 3936 quam
876 3855 950 3935 ipse
966 3855 1002 3918 in
1015 3857 1183 3938 optimum

225 3965 354 4021 statum
367 3975 540 4020 murorum
555 3956 788 4019 exstructione
802 3956 990 4037 reparavit,
1006 3963 1041 4020 ct
1053 3956 1183 4021 AEliam
1195 3978 1224 4022 as

224 4060 341 4124 vocari
350 4058 392 4122 de
401 4059 537 4122 nomine
549 4078 613 4123 suo
623 4056 796 4141 praecepit.
822 4057 918 4121 Idem
930 4057 1182 4124 eruditissimus
