2850 4890
420 363 602 414 Auoronn
619 365 706 413 vnn.
725 365 838 414 noun.
1048 343 1111 412 161

195 518 282 604 521,
306 519 433 585 Christi
451 540 531 586 vero
552 521 701 586 famulus
722 521 925 600 Ceolfridus,
944 528 984 586 ut
1003 540 1110 605 supra
1128 528 1273 617 marre.

150 621 280 686 dictum
302 629 365 699 est,
385 622 429 686 ad
449 622 568 686 limina
586 624 762 687 beatorum
783 624 1015 706 apostolorum
1036 631 1109 687 ten·
1125 598 1238 689 lffillll

149 724 247 804 dens,
264 726 359 808 prius
380 745 485 807 quam
507 725 568 789 illo
587 726 811 808 pervenisset,
833 734 946 791 tactus
969 726 1109 789 infirmi·
1125 699 1200 740 ''⁰¹¹¹''

150 833 225 890 tate
251 826 340 890 diem
365 827 492 892 clausit
514 827 681 891 ultimum.
726 827 934 894 Perveniens
960 848 1109 911 namque

120 926 325 1010 sLingonas
344 928 435 992 circa
453 926 573 992 horam
594 928 662 992 diei
680 929 827 1006 tertiam,
848 929 981 992 decima
998 929 1109 1011 ipsius

151 1029 220 1092 diei
246 1027 331 1094 hora
359 1030 518 1111 migravit
547 1028 590 1093 ad
615 1028 811 1105 Dominum,
834 1038 870 1094 et
897 1031 1046 1095 crastino
1073 1031 1110 1093 in

150 1130 300 1195 ecclesia
320 1132 499 1194 beatorum
523 1128 745 1193 Geminorum
769 1139 954 1214 martyrum
976 1129 1111 1194 honori·

150 1232 213 1295 fiee
239 1233 395 1314 sepultus
418 1239 482 1308 est,
507 1251 576 1296 non
607 1232 718 1295 solum
745 1232 866 1315 Anglis
896 1251 1027 1314 genere,
1050 1233 1110 1316 qui

150 1333 229 1415 plus
248 1352 352 1416 quarn
372 1334 547 1415 octoginta
563 1352 702 1397 numero
717 1333 753 1395 in
767 1333 841 1417 ejus
857 1333 993 1398 fuerant
1007 1335 1112 1397 comi·

109 1440 240 1513 rotatu,
258 1433 319 1499 sed
340 1440 375 1498 et
395 1434 488 1497 illius
511 1434 579 1496 loci
598 1433 736 1510 accolis,
756 1453 819 1517 pro
838 1435 1013 1499 retardato
1038 1443 1111 1499 tam

150 1536 328 1600 reverendi
353 1537 447 1599 senis
473 1536 654 1612 desiderio,
682 1537 719 1598 in
742 1536 901 1600 lacrimas
928 1536 1112 1619 luctusque

150 1637 284 1700 solutis.
334 1636 459 1719 Neque
488 1638 578 1702 enim
607 1635 710 1700 facile
740 1637 922 1719 quisquam
949 1635 1111 1700 lacrimas

151 1745 267 1801 tenere
287 1739 413 1820 potuit,
427 1737 550 1802 videns
571 1737 715 1801 comites
733 1737 844 1819 ipsius
864 1737 999 1819 partim,
1014 1743 1111 1818 patre

151 1838 290 1915 amisse,
305 1846 455 1920 coeptum
471 1839 536 1902 iter
556 1856 655 1919 agere
668 1858 676 1917 ;
699 1839 834 1920 partim,
849 1844 982 1902 mutata
1001 1839 1112 1902 inten-

109 1958 139 2002 ιε
152 1939 257 2016 tione,
271 1959 341 2022 qua
360 1939 508 2003 Romam
522 1939 572 2003 ire
588 1938 831 2015 desiderarant,
848 1938 986 2002 domum
1002 1940 1112 2022 magis

151 2060 222 2122 qua
240 2041 331 2104 hunc
346 2041 517 2123 sepultum
538 2040 738 2102 nunciarent
754 2040 897 2119 reverti3
920 2040 1045 2121 partim
1067 2040 1111 2104 ad

150 2143 304 2206 tumbam
326 2142 479 2206 defuncti
505 2142 592 2205 inter
616 2160 687 2217 eos,
711 2160 854 2222 quorum
877 2161 940 2205 nec
959 2141 1112 2223 linguam

150 2251 330 2321 noverant,
360 2263 421 2326 pro
454 2243 708 2325 inextinguibili
735 2244 844 2325 patris
874 2242 998 2307 affectu
1029 2244 1113 2307 resi-

151 2344 241 2409 dere.

106 2463 140 2509 20
195 2445 279 2530 §22
307 2444 391 2512 Erat
410 2454 525 2512 autem
545 2449 684 2530 quando
705 2447 792 2512 obiit
811 2466 975 2511 annornm
996 2454 1113 2530 septu-

152 2549 271 2630 aginta
295 2558 453 2632 quatuor,
480 2551 684 2634 presbyterii
712 2549 818 2632 gradu
848 2548 986 2613 functus
1014 2549 1112 2612 annis

152 2649 380 2731 quadraginta
405 2657 548 2733 septem,
575 2652 712 2716 abbatis
742 2650 889 2714 officium
913 2649 1113 2713 ministrans

153 2750 254 2814 annis
280 2751 420 2832 triginta
444 2752 608 2835 quinque,
631 2752 687 2817 vel
708 2753 824 2833 potius
847 2751 946 2814 annis
968 2750 1114 2833 quadra-

154 2853 250 2934 ginta
273 2852 396 2930 tribuS,
422 2854 505 2937 quia
530 2855 663 2918 scilicet
689 2873 709 2918 a
734 2854 842 2936 primo
867 2858 1018 2934 tempore
1045 2872 1113 2934 quo

109 2973 141 3017 25
154 2953 365 3018 Benedictus
378 2955 415 3017 in
428 2954 556 3020 honore
570 2955 762 3021 beatissimi
774 2954 1008 3037 apostolorum
1023 2955 1115 3035 prin-

153 3056 240 3137 cipis
266 3075 365 3119 suum
390 3057 499 3139 coepit
520 3057 666 3122 condere
691 3055 946 3132 monasterium,
966 3054 1041 3136 ipse
1063 3055 1114 3117 illi

153 3176 268 3220 comes
291 3157 502 3236 individuus,
523 3165 726 3241 cooperator
749 3164 784 3222 et
808 3157 927 3220 doctor
948 3157 1114 3239 regularis

94 3287 100 3300 ·
154 3265 189 3322 et
206 3259 408 3322 monasticae
427 3260 657 3324 institutionis
679 3259 808 3324 aderat.
852 3257 918 3322 Cui
942 3279 985 3322 ne
1008 3259 1114 3342 prisci

152 3380 281 3424 morem
316 3361 449 3442 rigoris,
478 3364 534 3427 vel
568 3363 694 3439 aetatis,
725 3361 780 3426 vel
814 3360 1030 3438 infirmitatis,
1058 3362 1114 3425 vel

112 3483 143 3527 ao
153 3464 288 3528 itineris
306 3484 459 3546 unquam
478 3466 646 3530 minueret
666 3464 823 3542 occasi03
846 3483 890 3526 ex
911 3463 965 3526 die
982 3484 1050 3546 quo
1071 3465 1113 3528 de

153 3569 363 3631 monasterio
384 3587 448 3632 suo
469 3566 643 3649 profectus
656 3566 742 3630 abiit
757 3585 866 3648 usque
881 3565 926 3629 ad
941 3565 1029 3630 diem
1044 3585 1114 3648 quo

153 3668 337 3733 defunctus
360 3676 424 3745 est,
438 3669 472 3732 id
488 3676 552 3744 est,
568 3687 589 3731 a
605 3667 714 3750 pridie
735 3686 844 3729 nonas
864 3665 989 3730 Junias
1003 3685 1113 3748 usque

153 3769 197 3833 ad
226 3769 412 3851 septimum
440 3768 664 3833 kalendarum
695 3767 895 3831 Octobrium
922 3767 1023 3845 diem,
1052 3787 1114 3850 per

153 3870 226 3934 dies
265 3879 403 3934 centum
444 3870 712 3954 quatuordecim,
749 3869 905 3951 exceptis
938 3870 1113 3932 canonicis

113 3991 143 4035 ³5
154 3972 346 4036 orationum
365 3969 469 4048 horis,
483 3971 634 4053 quotidie
651 3972 705 4036 bis
720 3970 922 4052 psalterium
938 3988 982 4032 ex
997 3968 1113 4033 ordine

154 4074 338 4137 decantare
354 4073 505 4153 curavit3
528 4073 631 4136 etiam
653 4093 730 4137 cum
753 4072 796 4136 ad
817 4071 881 4135 hoc
900 4090 961 4154 per
973 4070 1114 4134 infirmi-

198 4191 289 4238 TOM.
308 4191 348 4237 11.
829 4191 856 4236 Μ
