2850 4890
622 380 835 427 srrnunrx.
1142 364 1209 430 249

253 524 334 605 quod
354 546 447 606 usque
466 524 506 585 ad
524 536 629 586 terram
649 548 681 586 se
700 528 728 586 in
746 527 878 586 oratione
895 526 1039 598 humiliat,
1058 547 1094 585 ne
1110 538 1208 588 mente

248 613 353 689 jaceat
372 613 401 670 in
422 619 507 672 terra.
552 612 647 691 Cujus
667 613 724 672 hoc
750 633 827 692 opus
847 619 903 682 est,
926 612 982 671 nisi
1000 614 1064 690 ejus
1086 613 1136 691 qui
1153 614 1206 684 ait,

254 704 263 728 ‘
286 696 380 754 Pater
406 716 489 755 meus
519 717 612 777 usque
640 697 729 756 modo
756 704 903 776 operatur,
932 706 962 755 et
988 717 1045 773 ego
1072 699 1206 776 operorl’

253 781 326 852 Qui,
342 788 375 839 ut
393 781 532 841 mundum
549 781 727 853 ostenderet,
745 802 802 840 non
818 782 962 861 sapientia
976 782 1136 852 hominum,
1152 783 1206 842 sed

225 882 308 925 ssua
335 886 368 924 se
392 868 499 926 virtute
526 876 707 938 convertere,
736 866 946 946 praedicatores
972 886 1054 937 suos,
1077 888 1153 947 quos
1177 869 1206 926 iu

253 949 394 1010 muudum
409 953 498 1022 misit,
513 954 576 1011 sine
589 953 680 1011 literis
695 952 793 1030 eligit3
816 953 872 1011 hoc
884 952 972 1011 etiam
983 953 1072 1010 modo
1081 953 1206 1024 faciens,

252 1037 323 1115 quia
343 1036 373 1094 in
392 1037 558 1115 Anglorum
579 1046 665 1116 gente
685 1037 772 1096 fortia
790 1037 927 1114 dignatus
946 1047 993 1095 est
1007 1057 1059 1116 per
1074 1037 1205 1098 infirmos

252 1122 377 1200 operari.
421 1121 482 1181 Sed
502 1133 549 1182 est
569 1124 598 1181 in
617 1124 674 1181 isto
694 1122 772 1182 douo
793 1122 916 1192 coelesti,
934 1121 1023 1180 frater
1042 1123 1205 1193 carissime,

252 1205 334 1285 quod
356 1225 423 1265 curn
444 1227 552 1286 magno
569 1207 677 1288 gaudio
696 1209 953 1268 vehementissime
975 1206 1084 1266 debeat
1107 1207 1205 1267 formi-

210 1290 346 1352 1odari4.

297 1463 437 1531 Occurrit
455 1472 553 1524 autem
573 1464 663 1522 menti
682 1464 741 1523 ista
757 1462 898 1540 cogitanti
914 1463 987 1543 quid
1009 1462 1047 1522 de
1069 1483 1127 1524 uno
1147 1464 1207 1523 Dei

252 1548 364 1610 famulo
383 1560 482 1609 actum
499 1551 548 1618 sit,
567 1550 655 1608 etiam
676 1548 794 1626 egregie
813 1549 917 1608 electo.
963 1548 1051 1608 Certe
1067 1550 1205 1630 Moyses,

253 1633 324 1692 dum
347 1634 405 1694 Dei
422 1635 562 1715 populum
583 1654 622 1692 ex
640 1633 771 1713 AEgypto
789 1632 938 1704 educeret,
957 1635 1040 1703 mira,
1059 1636 1137 1694 sicut
1154 1643 1206 1694 tua

250 1719 417 1780 fraternitas
437 1721 529 1790 novit,
544 1720 629 1797 signa
643 1720 671 1776 in
685 1719 818 1798 AEgypto
832 1728 970 1798 operatus
984 1729 1040 1778 est.
1082 1719 1120 1778 In
1134 1719 1206 1778 Sina

210 1822 240 1866 15
253 1814 352 1864 monte
379 1804 575 1886 quadraginta
599 1803 703 1863 diebus
732 1813 763 1862 et
786 1804 921 1863 noctibus
943 1805 1095 1883 jejunans,
1118 1804 1206 1882 Legis

252 1890 371 1950 tabulas
385 1891 504 1970 accepit
518 1891 592 1948 inter
606 1908 747 1949 coruscos
766 1896 797 1948 et
813 1891 966 1959 tonitruos,
981 1890 1206 1968 pertimescente

254 1976 334 2034 omni
354 1975 483 2056 populor
509 1975 715 2054 omnipotentis
737 1973 796 2034 Dei
824 1974 944 2033 servitio
966 1974 1048 2033 solus
1073 1974 1209 2034 familiari

253 2061 343 2119 etiam
363 2061 560 2121 collocutione
585 2063 761 2138 conjunctus
783 2068 829 2118 est
836 2080 844 2127 ;
868 2058 1007 2118 Rubrum
1030 2060 1116 2119 Mare
1137 2080 1207 2140 ape-

252 2146 329 2213 ruit;
351 2147 381 2204 in
397 2147 498 2204 itinere
515 2145 621 2204 ducem
642 2145 745 2204 habuit
762 2145 847 2204 uubis
865 2145 1048 2212 columnam
1071 2147 1208 2204 esurienti

209 2250 240 2294 20
252 2230 364 2311 populo
387 2250 495 2290 manna
512 2230 550 2289 de
571 2230 647 2290 coelo
667 2230 822 2308 deposuit:
847 2249 951 2289 carnes
972 2229 1205 2289 desiderantibus

253 2337 347 2395 usque
371 2317 410 2376 ad
431 2317 597 2376 satietatem
621 2316 740 2374 nimiam
764 2316 794 2373 in
817 2315 935 2374 heremo
960 2335 1011 2394 per
1034 2315 1206 2374 miraculum

253 2403 438 2462 ministravit.
498 2400 560 2460 Sed
588 2421 656 2459 cum
677 2403 743 2481 jam
772 2400 835 2458 sitis
867 2408 999 2479 tempore
1026 2399 1065 2458 ad
1093 2409 1206 2480 petram

252 2496 373 2546 ventum
398 2488 513 2557 fuisset,
542 2483 656 2544 diffisus
684 2493 741 2555 est,
769 2505 861 2564 seque
888 2484 926 2543 de
960 2484 1064 2543 eadem
1098 2505 1205 2564 aquam

254 2570 381 2630 educere
399 2591 488 2650 posse
509 2571 666 2641 dubitavit,
688 2591 788 2649 quam,
804 2570 929 2647 jubente
951 2569 1092 2639 Domino,
1114 2570 1205 2647 largis

208 2656 355 2734 santique
382 2655 498 2715 fluentis
527 2657 651 2734 aperuit.
698 2655 821 2720 Quanta
848 2665 946 2714 autem
971 2663 1040 2735 post
1066 2655 1132 2715 haec
1153 2675 1206 2734 per

255 2741 372 2818 triginta
396 2751 427 2800 et
447 2751 516 2799 octo
537 2761 630 2799 annos
651 2742 680 2798 in
702 2739 819 2799 deserto
843 2740 984 2799 miracula
1004 2740 1117 2810 fecerit,
1138 2740 1205 2818 quis

253 2845 434 2896 enumerare,
453 2826 519 2905 quis
538 2827 714 2903 investigare
733 2824 853 2883 valeat?
896 2826 1024 2891 Quoties
1046 2845 1093 2884 res
1114 2824 1206 2883 dubia

252 2912 380 2969 animum
407 2911 567 2991 pulsasset,
595 2931 747 2970 recurrens
772 2908 812 2969 ad
835 2911 1069 2980 tabernaculum,
1090 2917 1206 2969 secreto

254 2995 416 3056 Dominum
430 2997 606 3075 requirebat,
617 3004 705 3076 atque
720 2995 758 3054 de
773 3015 810 3054 ea
821 2997 965 3074 protinuS,
978 2995 1046 3056 Deo
1056 2995 1206 3073 loquente,

208 3100 240 3145 ao
252 3080 424 3140 docebatur.
467 3082 579 3141 Iratum
589 3081 700 3162 populo
712 3081 873 3139 Dominum
884 3081 1023 3161 placabat
1036 3099 1098 3140 suae
1110 3081 1205 3159 precis

251 3167 478 3234 interventione;
502 3177 654 3244 surgentes
677 3168 705 3225 in
731 3166 870 3245 superbia
891 3173 979 3244 atque
1002 3167 1031 3224 in
1055 3165 1206 3225 discordia

251 3251 441 3321 dissidentes,
456 3251 634 3310 dehiscentis
654 3261 737 3310 terrae
752 3251 880 3309 hiatibus
895 3251 1088 3319 absorbebat;
1110 3251 1203 3311 victo-

250 3338 301 3396 riis
316 3338 468 3416 premebat
481 3338 598 3404 hostes3
616 3338 700 3414 signa
711 3338 894 3395 monstrabat
906 3336 1031 3395 civibus.
1060 3335 1120 3395 Sed
1136 3356 1205 3394 cum

244 3425 312 3501 jam
331 3421 369 3480 ad
389 3422 621 3501 repromissionis
640 3430 747 3479 terram
767 3429 885 3480 ventum
904 3420 1021 3490 fuisset,
1035 3430 1160 3481 vocatus
1175 3422 1205 3479 iu

207 3526 238 3570 ³5
251 3517 381 3566 montem
395 3516 457 3575 est;
480 3516 509 3565 et
522 3526 611 3586 quam
626 3507 744 3585 culpam
759 3516 826 3564 ante
841 3526 934 3564 anuos
950 3508 1066 3584 triginta
1080 3516 1110 3564 et
1124 3513 1203 3576 octo,

252 3602 285 3652 ut
300 3593 373 3662 dixi,
384 3593 505 3662 fecerat,
520 3590 644 3661 audivit,
658 3593 727 3671 quia
742 3590 780 3651 de
794 3590 950 3650 educenda
964 3611 1041 3669 aqna
1051 3590 1206 3650 dubitavit.

254 3679 296 3739 Et
319 3687 437 3758 propter
457 3679 526 3749 hoc,
550 3676 622 3757 quia
642 3686 749 3736 terram
770 3677 1003 3757 repromissionis
1021 3677 1126 3734 intrare
1147 3695 1206 3734 nou

296 3984 306 4015 ³
322 3979 423 4052 Putem]
440 3984 478 4033 St.
490 3982 571 4043 John,
583 3999 608 4032 v.
622 3987 663 4033 1⁷.
746 3985 808 4045 tica,
826 3984 891 4033 aster
909 3984 996 4034 which
1014 3985 1130 4046 Gregory
1147 3999 1207 4046 pro-

297 4055 308 4088 ⁴
332 4057 404 4106 Then
424 4054 525 4103 follows
547 4054 590 4102 the
615 4058 715 4103 extract
746 4055 963 4104 ceedsasabove.

253 4131 329 4191 given
341 4128 367 4176 in
380 4126 423 4175 the
440 4125 558 4174 Historia
570 4124 713 4174 Ecclesias-
