2850 4890
261 335 326 401 202
459 353 545 399 vnn.
564 351 672 398 neum
689 348 1028 410 cunou1cou,s1vn

64 534 246 625 “amp-namu·
259 511 303 576 ad
318 533 355 577 se
370 512 486 576 venire
500 511 626 594 jubens
641 511 824 576 honorifice
836 511 990 594 suscepit
1009 499 1052 576 ac
1071 511 1213 588 remisit,

69 640 143 689 4005,
176 641 234 688 ⁷14.
259 621 309 677 1ta
323 621 363 676 ut
377 632 454 676 eum
469 613 525 676 die
541 612 712 676 dominice
731 614 855 676 missas
870 613 936 676 sibi
949 613 1062 677 facere
1075 611 1213 695 jubens,

260 713 531 777 communionem
564 713 607 776 de
641 732 743 776 manu
777 712 852 795 ejus
888 713 1076 795 acceperit3
1115 731 1214 794 quern

260 821 453 896 prostratus
479 814 515 877 in
541 821 630 877 terra
654 832 715 895 pro
736 814 808 876 suis
835 814 988 895 peccatis
1008 813 1215 876 intercedere

260 934 396 995 rogans,
411 922 537 978 cuncta
551 914 707 978 ecclesiae
718 915 897 997 privilegia
912 914 1101 979 renovavit.
1148 911 1217 990 Qui
1240 932 1253 973 a

261 1035 338 1080 cum
353 1016 540 1080 exercitum
553 1015 702 1079 mitteret
716 1016 751 1079 in
767 1015 927 1094 Pontum,
941 1016 1086 1079 multum
1104 1013 1216 1097 prohi-

261 1116 362 1179 bente
377 1135 471 1197 papa
486 1115 689 1196 apostolico,
703 1114 748 1179 ad
768 1115 1122 1198 comprehendendum
1136 1113 1217 1177 Phi-

259 1217 435 1299 lippicum,
459 1235 560 1299 quem
583 1215 631 1278 ibi
653 1215 876 1298 relegaverat,
896 1235 1082 1281 conversus
1107 1216 1216 1282 omnis

260 1318 432 1381 exercitus
456 1316 500 1381 ad
524 1324 659 1399 partem
682 1317 868 1400 Philippici
888 1317 971 1381 fecit
993 1337 1071 1382 eum
1090 1317 1217 1381 ibidem

261 1418 511 1500 imperatorem,
527 1437 753 1500 reversusque
771 1436 849 1480 cum
866 1437 908 1480 eo
926 1416 1218 1500 Constantinopo-
1230 1436 1257 1480 ro

261 1519 321 1581 lim
341 1520 508 1601 pugnavit
527 1527 646 1582 contra
665 1518 901 1582 Justinianum
919 1519 964 1581 ad
981 1518 1219 1582 duodecimum

263 1621 307 1683 ab
316 1622 398 1684 urbe
407 1620 655 1698 milliarium,et
665 1621 756 1684 victo
767 1628 872 1703 atque
883 1621 998 1685 occiso
1007 1619 1030 1684 J
1033 1620 1219 1698 ustiniano,

261 1741 402 1803 regnum
417 1722 570 1803 suscepit
585 1721 809 1803 Philippicus.

306 1822 520 1904 Philippicus
549 1841 638 1886 anno
670 1837 695 1898 1,
722 1821 897 1886 mensibus
928 1838 979 1885 vi.
1024 1821 1096 1886 Hic
1118 1822 1220 1907 ejecit

263 1921 390 2005 Cyrum
415 1923 457 1986 de
479 1922 694 2006 pontificatu,
719 1942 863 2006 eumque
889 1923 932 1987 ad
960 1924 1219 2005 gubernandum
1230 1943 1256 1986 15

263 2025 399 2088 abbatis
423 2023 500 2106 jure
529 2024 775 2088 monasterium
803 2044 913 2101 suum,
939 2024 1089 2089 Pontum
1109 2026 1218 2089 redire

184 2210 191 2226 .
262 2125 438 2207 praecepit.
483 2125 579 2188 Idem
605 2124 834 2189 Constantino
859 2145 961 2207 papae
986 2126 1080 2188 misit
1099 2126 1218 2190 literas

69 3255 142 3302 4670.
178 3256 236 3300 ⁷19.

262 2227 360 2307 pravi
388 2227 568 2308 dogmatis,
596 2246 684 2309 quas
710 2227 768 2290 ille
792 2246 869 2290 cum
896 2227 1098 2309 apostolicae
1125 2227 1217 2291 sedis

262 2326 406 2390 concilio
420 2326 571 2409 respuit3
593 2334 628 2390 et
648 2327 749 2410 hujus
768 2327 817 2390 rei
836 2347 943 2392 causa
961 2327 1045 2392 iecit
1063 2330 1217 2411 picturas

262 2429 299 2490 in
318 2429 451 2510 porticu
473 2428 593 2492 Sancti
614 2429 719 2506 Petri,
740 2449 818 2512 quae
839 2442 920 2494 acta
938 2450 1001 2492 sex
1022 2438 1218 2503 sanctarum
1228 2449 1257 2494 no

264 2530 471 2613 synodorum
504 2529 747 2593 universalium
781 2532 1002 2594 continerent.
1063 2530 1156 2597 Nam
1184 2541 1218 2596 et

263 2630 457 2714 hujusmodi
478 2631 631 2713 picturas
650 2651 724 2694 cum
746 2631 950 2695 haberentur
968 2632 1005 2694 in
1024 2633 1108 2697 urbe
1126 2635 1220 2715 regia

264 2733 479 2814 Philippicus
502 2731 655 2814 jusserat
683 2732 817 2809 auferri,
847 2733 1037 2815 statuitque
1068 2735 1219 2817 populus

265 2833 443 2897 Romanus
455 2853 498 2896 ne
509 2830 663 2897 haeretici
673 2833 887 2914 imperatoris
899 2853 1022 2896 nomen
1033 2835 1068 2897 in
1081 2835 1219 2899 chartas

265 2941 326 2998 aut
339 2933 479 3015 figuram
495 2933 598 2996 solidi
614 2934 848 3016 susciperent;
871 2934 962 2998 unde
977 2954 1040 2999 nec
1056 2935 1132 3017 ejus
1149 2935 1256 2999 effi-ai

264 3036 336 3117 gies
361 3035 397 3097 in
423 3035 601 3097 ecclesiam
627 3034 823 3098 introducta
848 3042 912 3112 est,
939 3054 1001 3099 nec
1024 3056 1150 3101 nomen
1173 3039 1217 3102 ad

263 3136 445 3199 missarum
460 3135 614 3198 solennia
628 3135 808 3218 prolatum.

306 3236 516 3300 Anastasius
532 3235 633 3299 annis
651 3254 707 3298 111.
751 3237 821 3301 Hic
833 3237 1062 3319 Philippicum
1077 3246 1218 3321 captum

263 3336 371 3399 oculis
397 3336 557 3416 privavit,
586 3357 648 3401 nec
678 3338 816 3402 occidit.
861 3337 957 3402 Idem
983 3339 1101 3403 literas
1128 3338 1219 3404 Con-

263 3436 415 3500 stantino
429 3456 530 3517 papae
544 3436 690 3502 Romam
701 3458 762 3520 per
773 3438 1024 3503 Scholasticum
1034 3441 1218 3522 patricium
1229 3460 1259 3504 so

264 3545 299 3600 et
324 3537 507 3599 exarchum
535 3536 649 3602 Italiae
673 3538 808 3616 direxit,
833 3540 958 3622 quibus
986 3559 1024 3602 se
1048 3539 1217 3606 fautorem

264 3637 441 3701 catholicae
462 3637 541 3700 fidei
563 3646 597 3702 et
615 3640 726 3702 sancti
745 3639 836 3703 sexti
855 3641 991 3703 concilii
1013 3641 1218 3722 praedicato-

264 3760 334 3803 rem
353 3759 429 3802 esse
449 3739 575 3804 docuit.
620 3741 873 3805 liuthbrandus
893 3761 954 3805 rex
974 3742 1219 3823 Longobardo-

264 3861 338 3904 rum
368 3840 586 3904 donationem
615 3845 810 3925 patrimonii
843 3844 984 3926 Alpium
1014 3844 1219 3923 Cottiarum,

264 3962 367 4024 quam
383 3941 655 4008 Hereberechtus
675 3965 735 4008 rex
750 3944 879 4009 fecerat
894 3955 928 4009 et
942 3946 1001 4010 ille
1024 3948 1218 4028 repetierat,
1231 3969 1259 4012 as
