2850 4890
198 364 264 432 226
413 381 602 431 rrrsronn
621 382 710 429 vru.
727 380 848 442 anun,
866 380 947 427 ure.

200 540 443 605 monachorum
453 542 597 625 collegio
605 541 763 624 indignos
772 541 878 606 etiam
886 538 1040 624 corporis
1048 546 1160 603 morte

200 642 392 721 mulctavit,
412 651 458 719 et,
474 651 513 708 ut
533 643 576 707 ad
598 644 774 727 superiora
793 642 984 718 veniamus,
1002 639 1079 704 haee
1100 660 1159 704 au·

201 743 295 824 gelos
319 762 341 807 a
366 745 454 808 coelo
477 744 614 828 dejecit,
638 752 673 809 et
694 745 928 827 protoplastos
951 762 972 807 a
993 741 1159 824 paradiso

201 851 376 927 perpetuae
396 844 587 928 voluptatis
608 847 753 929 expulit.
798 844 845 909 Et
859 844 890 908 si
904 864 1009 908 nosse
1024 845 1090 919 vis,
1105 844 1159 907 hic

200 954 255 1010 est
265 947 322 1010 ille
337 947 464 1029 triceps
482 946 666 1011 inferorum
681 947 789 1025 canis,
804 948 859 1010 oui
875 945 1002 1011 fabulae
1019 945 1160 1010 Cerberi
1184 965 1197 1007 5

201 1068 324 1112 nomen
350 1049 556 1127 indiderunt,
582 1071 604 1114 a
627 1049 726 1133 cujus
752 1049 883 1113 rabidis
908 1049 1069 1112 dentibus
1096 1067 1160 1110 nos

203 1150 388 1233 prohibens
423 1150 579 1215 Joannes
614 1150 793 1233 apostolus
827 1151 888 1228 ait,
917 1149 1162 1224 ‘charissimi

201 1251 307 1316 nolite
330 1251 467 1334 diligere
485 1253 658 1331 mundum,
680 1272 791 1335 neque
813 1272 855 1315 ea
876 1251 1011 1334 quaein
1033 1251 1161 1314 mundo

200 1360 292 1415 sunt.
337 1352 478 1434 Siquis
505 1353 616 1434 diligit
641 1354 814 1430 muudum,
836 1372 903 1416 uon
932 1359 986 1416 est
1011 1352 1161 1416 charitas

203 1455 318 1518 Patris
332 1456 367 1518 in
382 1474 432 1518 eo.
477 1453 650 1533 Quoniam
665 1475 764 1520 omne
784 1457 875 1539 quod
896 1456 931 1518 in
953 1455 1083 1519 mundo
1099 1462 1161 1531 est,
1172 1472 1199 1517 ro

204 1557 483 1639 concupiscentia
497 1559 609 1620 carnis
627 1571 691 1634 est,
703 1565 738 1621 et
754 1558 1035 1640 eoncupiscentia
1045 1557 1162 1621 oculo·

205 1659 277 1721 rur'n
290 1667 324 1722 et
336 1660 498 1741 superbia
509 1661 602 1736 vitae,
614 1680 692 1742 quae
704 1680 772 1723 non
788 1667 895 1723 estex
907 1659 1024 1736 Patre,
1040 1659 1102 1723 sed
1118 1678 1160 1723 ex

205 1761 332 1824 mundo
352 1761 426 1825 est.'
470 1761 558 1824 Haec
578 1770 698 1825 contra
717 1763 811 1826 virus
833 1761 987 1825 avaritiae
1012 1761 1162 1825 breviter

205 1870 287 1926 sunt
313 1862 414 1926 dicta.
460 1861 618 1926 Ceterum
639 1864 669 1926 si
694 1864 736 1927 de
760 1865 936 1940 ebrietate,
955 1882 1162 1927 commessa-

206 1963 309 2041 tione,
322 1963 472 2041 luxuria‚
487 1972 522 2028 et
541 1965 663 2029 ceteris
684 1963 877 2048 hujusmodi
897 1965 1161 2048 contagionibus
1172 1982 1199 2027 1⁵

205 2065 278 2146 pari
299 2066 432 2129 ratione
453 2073 600 2130 tractare
620 2066 840 2144 voluerimus,
860 2066 1017 2150 epistolae
1040 2066 1162 2131 modus

205 2167 240 2229 in
256 2167 458 2232 immensum
474 2168 725 2232 extenderetur.

249 2266 371 2334 Gratia
396 2278 429 2334 te
449 2271 571 2334 summi
590 2271 746 2334 Pastoris
767 2270 811 2334 ad
832 2269 1026 2353 pastionem
1048 2271 1163 2335 ovium

206 2390 345 2435 suarum
357 2372 568 2435 salutiferam
580 2378 745 2454 perpetuo
757 2379 935 2436 conservet
947 2372 1162 2450 incolumem,

207 2468 429 2536 dilectissime
444 2473 479 2535 in
495 2472 633 2537 Christo
649 2474 805 2538 antistes.
851 2472 978 2537 Anna.
1172 2491 1200 2537 ao

254 2776 265 2809 ⁷
281 2772 408 2848 donares]
444 2782 456 2827 l
476 2780 525 2840 Ep.
539 2779 578 2828 st.
590 2778 670 2838 John,
705 2775 1163 2836 tionetertia‚'whichcannotbacur-

207 2851 234 2900 ii.
246 2854 286 2898 15.
704 2853 767 2911 rect,
784 2849 853 2896 since
872 2849 892 2896 it
909 2848 994 2896 would
1009 2849 1091 2910 iruply
1111 2850 1164 2898 that

242 2913 410 2987 Uirtutes]
446 2920 502 2968 The
526 2919 623 2967 edition
645 2918 674 2966 of
704 2919 755 2967 this
775 2919 851 2968 letter
867 2933 921 2968 was
941 2920 1043 2969 written
1059 2921 1162 2970 inno.

208 2993 250 3042 Sir
278 2993 367 3043 James
396 2991 474 3040 Ware
504 2990 570 3039 adds
599 2989 670 3050 here,
703 2993 761 3039 ⁷³5.

207 3064 332 3124 ‘Scripta
349 3063 417 3114 Non.
431 3062 570 3110 Novembr.
588 3061 670 3109 indic·
