2850 4890
454 373 634 423 aucroan
651 372 739 423 vau.
758 374 870 422 anna.
1097 356 1142 421 95

184 532 230 597 ad
259 532 468 598 visitandam
497 552 572 596 earn
602 533 807 597 venerabilis
841 532 915 616 ejus
950 533 1304 596 abbatissarum.

184 633 340 716 Cumque
359 653 436 697 eam
457 635 605 716 graviter
629 634 790 699 afflictam
813 635 1037 717 conspiceret,
1060 633 1140 697 tulit

159 757 168 770 ·
184 743 407 799 memoratam
427 737 492 801 viri
511 736 581 800 Dei
596 756 728 814 zonam,
741 742 776 800 et
793 737 858 800 hac
879 735 928 798 illi
949 742 1054 818 caput
1073 735 1138 797 cir-

184 835 367 916 cumligare
388 837 541 917 curavit3
566 857 644 920 quae
664 838 782 901 eodem
802 856 884 902 mox
904 838 970 913 die,
991 839 1138 901 abeunte

152 936 309 1017 adolere,
325 944 448 1002 sanata
471 946 534 1016 est,
550 939 742 1021 tollensque
762 958 882 1002 zonam
904 958 968 1002 sua
986 938 1139 1002 condidit

175 1039 219 1117 vin
233 1057 351 1119 capsa.
398 1036 513 1116 Quam
527 1059 603 1103 cum
619 1047 699 1122 post
714 1040 787 1103 dies
808 1040 941 1122 aliquot
961 1039 1139 1103 abbatissa

184 1141 380 1221 requireret,
400 1160 511 1224 neque
533 1142 569 1205 in
589 1161 697 1224 capsa
719 1143 850 1220 eadem,
871 1161 982 1224 neque
1001 1141 1138 1222 uspiam

184 1260 324 1335 prorsus
349 1243 463 1324 potuit
487 1243 643 1308 inveniri.
688 1242 791 1322 Quod
819 1244 937 1308 divina
962 1242 1139 1323 dispensa-

184 1344 277 1407 tione
307 1341 435 1407 factum
469 1345 681 1428 intelligitur,
708 1345 878 1422 videlicet,
907 1350 946 1408 nt
980 1364 1041 1427 per
1070 1342 1138 1405 duo

137 1462 170 1507 ιο
182 1439 345 1508 sanitatis
378 1446 544 1509 miracula
575 1447 651 1509 Deo
680 1445 796 1509 dilecti
827 1446 936 1527 patris
968 1443 1138 1507 sanctitas

184 1553 364 1628 appareret
390 1546 618 1625 credentibus,
644 1556 679 1612 et
704 1548 865 1630 deinceps
889 1545 1069 1611 dubitandi
1096 1544 1138 1608 de

182 1647 369 1710 sanctitate
388 1646 481 1711 illius
502 1649 640 1713 occasio
662 1648 837 1713 tolleretur
861 1647 1055 1711 incredulis.
1100 1644 1138 1708 Si

182 1748 273 1810 enim
289 1748 408 1811 eadem
422 1768 509 1813 zona
524 1769 657 1832 semper
671 1750 818 1828 adesset,
833 1768 966 1833 semper
985 1748 1028 1812 ad
1049 1747 1137 1811 hauc

182 1868 382 1914 concurrere
407 1851 599 1915 voluissent
624 1853 759 1933 aegroti3
788 1861 822 1917 et
846 1852 926 1916 dum
950 1850 1075 1932 aliquis
1093 1869 1138 1911 ex

138 1948 235 2013 lehis
257 1949 345 2014 forte
369 1970 439 2014 non
457 1953 640 2017 meruisset
662 1972 684 2016 a
705 1973 771 2017 sua
796 1952 992 2016 infirmitate
1016 1951 1138 2026 curari,

182 2051 362 2134 derogaret
395 2053 609 2136 impotentiae
645 2074 714 2117 non
743 2055 923 2130 salvantis,
954 2072 1030 2115 cum
1063 2052 1138 2132 ipse

183 2153 300 2235 potius
324 2160 417 2217 esset
442 2155 565 2219 salutis
585 2155 755 2237 indignus.
803 2154 903 2218 Unde
925 2152 1080 2235 provida,
1098 2159 1139 2216 ut

183 2252 313 2317 dictum
333 2261 397 2332 est,
415 2254 670 2337 dispensatione
691 2276 849 2340 supernae
869 2254 1021 2336 pietatis,
1042 2260 1137 2335 post-

143 2353 152 2366 ‘
182 2372 287 2434 quam
312 2353 398 2418 fides
418 2354 628 2420 credentium
648 2357 847 2420 confirmata
864 2363 928 2432 est,
946 2373 1028 2417 mox
1051 2355 1137 2419 invi-

138 2453 249 2516 aodiae
279 2454 481 2537 perfidorum
514 2458 659 2521 materia
692 2456 891 2521 detrahendi
919 2462 973 2520 est
1000 2475 1137 2538 prorsus

184 2555 313 2619 ablata.

495 2893 656 2959 CAPUT
679 2895 829 2960 XXIV.

185 3059 275 3130 Quid
287 3062 464 3126 sciscitanti
480 3064 576 3127 eidem
590 3063 743 3149 AElfledce
757 3065 795 3127 de
808 3066 876 3127 cita
892 3063 1046 3151 Ecpsridi
1056 3065 1138 3149 repis

409 3174 440 3226 et
454 3166 635 3250 episcopata
648 3186 703 3229 sae
712 3167 912 3251 predixerit.

138 3384 170 3428 25
184 3364 202 3448 ᾗ
216 3365 271 3428 40.
294 3363 395 3428 Auro
421 3373 573 3448 ternpore
599 3367 691 3429 misit
721 3366 839 3430 eadem
865 3366 1139 3431 reverentissima
1157 3379 1191 3430 A.
1200 3381 1304 3485 tlhacsa.

1176 3459 1199 3485 ur
1222 3459 1245 3485 el*
1255 3458 1303 3485 com

182 3469 278 3548 virgo
300 3473 336 3530 et
355 3475 465 3530 mater
486 3468 652 3549 virginum
674 3466 801 3532 Christi
822 3467 970 3545 AElflaed,
992 3469 1139 3550 rogavit·
1156 3447 1313 3558 {tranans

182 3587 250 3650 que
264 3568 374 3633 virum
389 3568 455 3631 Dei
471 3569 633 3652 adjurans
648 3569 683 3630 in
696 3570 832 3632 nomine
847 3569 996 3646 Domini,
1010 3578 1050 3633 ut
1061 3588 1138 3633 eum
1156 3546 1306 3586 ''med‘’

182 3669 298 3734 videre
317 3678 354 3734 et
373 3670 415 3734 de
434 3671 638 3734 necessariis
659 3679 841 3733 mereretur
862 3670 1011 3753 adloqui.
1057 3669 1140 3749 Qui,

218 3950 238 3980 ²⁵
255 3949 443 4020 Aliotempcre.]
480 3954 534 4002 The
547 3954 648 4003 dateol
680 3954 764 4002 before
774 3954 816 4002 the
824 3953 902 4003 death
912 3954 942 4002 of
949 3954 1013 4014 king
1023 3953 1139 4015 Ecgirid,

183 4023 234 4072 this
251 4024 380 4072 namative
396 4026 418 4073 is
436 4025 594 4074 ascertained
611 4026 643 4086 by
680 4024 761 4072 which
780 4023 842 4073 took
862 4025 937 4084 place
954 4025 980 4072 in
997 4036 1024 4074 Α.
1039 4037 1066 4072 u.
1082 4027 1140 4073 685.

184 4094 322 4154 observing
333 4093 389 4142 that
397 4096 417 4143 it
429 4095 551 4144 occurred
559 4108 575 4142 a
584 4108 645 4155 year
681 4095 716 4144 H.
731 4095 762 4144 E.
775 4095 808 4142 iv.
821 4098 862 4142 26.
