2850 4890
278 376 378 425 rnsr.
396 376 712 426 rnnnsunrrours
729 377 759 424 s.
777 377 1010 424 ouruannnr.
1060 361 1125 425 289

425 693 579 752 CAPUT
600 692 865 756 SECUNDUM.

167 868 180 936 5
194 869 224 924 5.
248 863 326 923 PER
335 863 468 942 ejusdem
479 883 597 944 quoque
610 865 822 944 persecutionis
836 872 978 945 tempora,
988 865 1124 925 intolera-
1142 874 1176 922 Δ.
1190 875 1224 923 D.
1238 879 1296 925 875.

168 949 236 1008 bilis
257 949 406 1009 tribulatio
431 948 755 1009 Nortbanhumbrorum
780 949 886 1009 finibus
912 951 1010 1010 subito
1032 971 1124 1010 emer·
1142 940 1254 1032 {lgssfhffiu

169 1055 253 1112 gens,
283 1034 343 1093 Dei
366 1035 508 1094 ecclesias
532 1037 658 1112 graviter
686 1037 847 1095 concussit.
891 1035 975 1094 Tunc
1003 1036 1124 1114 quidam
1142 1042 1195 1081 brit

137 1135 152 1176 o
168 1119 267 1198 magni
281 1121 384 1190 meriti,
404 1121 520 1180 nomine
536 1121 708 1191 Eardulfus,
723 1122 927 1200 episcopatum
943 1120 1123 1180 Lindisfarn·

167 1207 246 1264 ensis
278 1205 424 1276 ecclesiae,
455 1226 515 1285 qua
546 1214 616 1265 tunc
648 1207 836 1265 beatissimus
872 1205 931 1266 Dei
969 1206 1123 1266 confessor

168 1289 349 1351 Cuthbertus
369 1311 494 1370 corpore
518 1293 701 1371 quiescebat,
722 1293 911 1371 probabiliter
931 1311 1030 1350 coram
1055 1292 1123 1351 Deo

169 1384 200 1434 et
218 1377 383 1435 hominibus
398 1376 584 1455 disponebat.
630 1375 694 1435 Hic
705 1377 850 1436 dictorum
860 1378 1010 1435 memorati
1021 1378 1122 1456 patris,

168 1481 236 1539 quae
258 1461 359 1520 ultima
384 1462 422 1520 ab
444 1462 499 1520 hac
523 1464 585 1520 vita
608 1463 783 1540 migraturus
809 1463 870 1521 suis
895 1462 1123 1532 contradiderat,

125 1561 156 1605 lo
168 1546 338 1620 recordans,
353 1547 420 1606 loco
440 1548 534 1624 magis
553 1547 659 1606 cedere
673 1567 762 1626 qnam
776 1546 908 1627 reprobis
922 1546 1010 1606 subdi
1024 1548 1122 1625 elegit.

170 1630 220 1690 Sic
242 1634 318 1691 enim
342 1633 405 1711 ipse
429 1633 502 1691 inter
527 1633 585 1692 alia
609 1633 691 1712 pacis
720 1652 756 1692 ac
784 1632 949 1691 dilectionis
974 1643 1123 1712 praecepta

167 1725 290 1795 paterno
309 1737 389 1776 more
404 1718 465 1776 suis
480 1727 549 1777 tunc
565 1718 723 1788 consuluit,
737 1717 849 1792 dicens,
864 1716 987 1778 ‘sivos
1003 1738 1090 1775 uuum
1105 1739 1122 1775 e

168 1802 287 1861 duobus
302 1804 465 1861 necessitas
485 1805 625 1881 coegerit,
641 1803 733 1861 multo
752 1803 819 1881 plus
834 1803 921 1882 cupio
936 1814 969 1861 ut
987 1812 1122 1862 eruentes

166 1886 204 1948 de
223 1888 336 1948 tumulo
354 1888 551 1967 tollentesque
570 1889 724 1947 vobiscum
738 1908 808 1947 ossa
829 1908 905 1958 mea,
919 1889 958 1947 ab
977 1888 1034 1947 boc
1055 1888 1123 1947 loco

126 1989 157 2032 15
171 1973 346 2043 recedentis,
370 1983 400 2032 et
424 1974 476 2032 ubi
500 1972 586 2032 Deus
613 1973 774 2054 providerit
797 1975 951 2044 maneatis,
975 1994 1064 2053 quam
1092 1983 1125 2032 ut

169 2059 229 2118 ulla
248 2061 360 2117 ratione
377 2059 522 2138 iniquitati
537 2060 765 2128 consentientes,
780 2060 1033 2119 schismaticorum
1047 2061 1124 2138 jugo

169 2145 247 2204 colla
258 2144 413 2204 subdatis.'
441 2143 515 2204 Erat
526 2152 596 2204 tunc
609 2165 727 2224 quoque
739 2146 833 2204 abbas
845 2144 976 2224 quidam,
987 2143 1124 2203 Ereadus

169 2231 295 2300 nomine,
312 2239 342 2289 et
361 2231 424 2309 ipse
439 2230 519 2309 apud
534 2229 633 2289 Deum
647 2231 727 2289 mirae
741 2231 918 2301 sanctitatis,
932 2250 988 2289 nec
1008 2231 1124 2306 exiguae

169 2315 248 2395 apud
262 2315 396 2374 homines
413 2316 582 2384 nobilitatis,
599 2316 650 2394 qui
663 2315 797 2394 ejusdem
812 2335 878 2374 curn
897 2316 1041 2394 episcopo
1055 2334 1125 2392 erga

126 2416 159 2460 20
170 2401 370 2459 beatissimum
393 2399 450 2458 Dei
469 2401 669 2460 confessorem
689 2420 805 2479 semper
820 2400 934 2459 exstitit
948 2399 1124 2460 devolionis.

170 2485 245 2546 Hac
264 2485 451 2545 tribulatione
469 2487 556 2563 igitur
574 2487 735 2557 intonante,
760 2487 912 2544 memorati
932 2485 1003 2556 duo,
1021 2487 1125 2544 sumtis

171 2592 274 2632 secum
300 2571 446 2649 religiosae
469 2573 701 2631 conversationis
724 2570 902 2651 quibusdam
928 2571 1005 2640 aliis,
1030 2572 1126 2629 incor-

168 2666 284 2736 ruptum
299 2655 458 2718 venerandi
476 2658 568 2736 patris
584 2677 691 2737 corpus
706 2656 743 2715 de
759 2655 989 2716 Lindislarnensi
1009 2674 1125 2715 monas-

166 2743 240 2801 terio
250 2742 436 2801 discedentes
448 2750 678 2822 asportaverunt.
721 2741 796 2800 Hoc
804 2741 1124 2821 populusipsiuspost-

123 2843 155 2888 25
168 2847 255 2908 quam
271 2827 395 2898 audivit,
408 2826 544 2886 domibus
560 2847 627 2886 cum
647 2836 710 2887 tota
724 2826 907 2907 supellectile
921 2827 1042 2896 relictis,
1056 2846 1123 2885 cum

168 2913 309 2972 uxoribus
336 2921 367 2972 et
393 2914 523 2991 parvulis
550 2913 687 2972 continuo
715 2914 912 2992 subsequitur.
967 2913 1025 2971 Est
1048 2913 1125 2970 enim

167 2998 345 3078 buic,—qui
364 2999 425 3058 suis
441 2998 548 3058 dicitur
560 2999 676 3079 proprie
690 2998 829 3078 populus,
844 2998 981 3079 quoniam
1001 2999 1125 3077 speciali

106 3111 108 3116 v
169 3083 298 3162 quadam
319 3083 487 3162 provisione
508 3085 600 3144 abeo
620 3093 762 3154 servatur,
777 3103 832 3142 nec
848 3083 918 3142 alibi
936 3082 992 3141 nisi
1012 3084 1068 3142 sub
1088 3103 1124 3142 eo

168 3169 268 3229 vivere
291 3169 382 3240 valet,
408 3169 485 3228 sicut
511 3170 658 3229 nonnullae
687 3177 801 3247 gentes,
829 3187 896 3249 quae
920 3169 949 3226 in
978 3169 1125 3227 extraneis

128 3270 257 3333 tuaeque
282 3254 365 3313 utin
388 3254 513 3333 propriis
537 3254 644 3333 degere
668 3256 763 3314 sciunt
787 3255 1006 3323 terris-tanta
1033 3253 1062 3311 in
1087 3274 1124 3313 eo

167 3340 299 3398 tuitionis
311 3339 464 3410 securitas,
477 3349 509 3399 ut
518 3360 593 3419 pene
603 3339 701 3400 nullas
716 3339 926 3399 adversitatum
937 3334 1127 3418 pertimescat

168 3425 298 3502 injurias.
342 3424 416 3484 Hoc
435 3433 532 3484 tamen
553 3424 632 3505 quod
652 3433 735 3484 tanta
754 3445 806 3485 eos
825 3425 933 3503 pietate
950 3424 989 3484 ad
1007 3428 1039 3484 se
1055 3445 1126 3484 con·

167 3510 314 3588 fugientes
338 3511 377 3569 ab
405 3509 582 3572 adversariis
610 3530 692 3591 saepe
719 3509 922 3582 vindicaverit,
950 3509 989 3570 de
1013 3530 1073 3594 quo
1097 3510 1125 3569 iu

210 3843 287 3894 ’Per
298 3841 421 3914 ejusdem]
448 3847 496 3895 See
510 3847 631 3911 Symeon,
700 3846 719 3876 ¹²
734 3845 847 3917 Dicens]
866 3851 915 3899 See
925 3849 1022 3899 Beda’s
1033 3850 1089 3899 Life
1099 3850 1129 3900 os

168 3929 228 3976 cap.
239 3916 295 3963 xxi.
306 3931 367 3965 xxv.
380 3918 454 3966 xxvi.
664 3919 702 3969 St.
717 3919 853 3982 Cuthbert,
863 3935 920 3981 cap.
932 3921 1023 3969 xxxix.

211 3983 629 4049 ³Eardulsas.]'1¹hisbishop,the
699 3985 718 4018 ¹⁷
734 3989 865 4052 Emodus]
907 3991 1054 4054 Eadredur,
1078 3991 1125 4053 Sy·

167 4056 219 4105 last
231 4055 260 4104 ol
273 4056 446 4120 Lindislarne,
459 4072 530 4108 came
545 4066 571 4108 to
587 4059 630 4108 the
663 4073 746 4109 meon.

167 4127 249 4176 seein
262 4139 290 4177 A.
304 4140 331 4176 n.
343 4131 392 4176 854

215 4227 305 4273 Tou.
322 4228 363 4275 11.
841 4230 865 4276 U
