2850 4890
533 370 713 419 sucronu
731 373 820 420 vnn.
839 374 951 420 nunu.
1015 411 1017 416 .
1168 360 1209 424 Sl

249 525 346 589 vultu
359 534 462 609 atque
474 529 589 592 animo
601 529 778 611 egrediens
789 529 983 595 dimittebat
994 541 1209 612 conventum,
1226 545 1261 594 Α.
1271 545 1304 594 u.
1313 548 1371 593 cor.

251 644 292 688 ac
313 629 470 709 sequenti
490 628 711 692 nihilominus
732 629 798 707 die,
815 631 915 713 quasi
936 632 984 694 nil
1005 633 1208 717 objectionis

248 726 360 806 pridie
371 729 605 806 sustinnisset,
614 729 734 793 eadem
745 751 823 812 quae
836 732 929 812 prius
939 733 1068 797 monita
1079 735 1208 799 eisdem

251 827 358 891 dabat
371 829 595 906 auditoribus,
604 831 713 894 donec
722 831 801 895 illos
811 833 988 913 paulatim,
999 844 1038 897 ut
1049 836 1209 913 diximus,

220 928 293 990 sad
313 948 366 1005 ea,
386 950 464 1012 quac
484 931 598 1009 vellet,
619 941 841 997 converteret.
887 933 971 997 Erat
992 955 1139 1018 namque
1157 937 1210 1000 vir

251 1029 429 1110 patientiae
449 1032 578 1097 uirtute
598 1035 805 1116 praecipuus,
822 1044 927 1118 atque
949 1035 991 1099 ad
1012 1037 1211 1117 perferenda

250 1130 381 1194 fortiter
397 1134 526 1210 omnia,
542 1154 620 1216 quae
635 1135 691 1199 vel
712 1137 825 1199 animo
839 1135 894 1199 vel
910 1137 1042 1218 corpori
1066 1136 1211 1202 adversa

250 1232 502 1313 ingerebantur,
517 1233 775 1313 invictissimus,
791 1256 854 1300 nec
869 1237 981 1300 minus
996 1238 1084 1301 inter
1099 1238 1212 1301 tristia

252 1353 330 1414 quea
353 1333 579 1414 contigissent
601 1335 725 1398 faciem
745 1337 963 1417 praeteudens
988 1337 1141 1414 hilarem,
1160 1338 1213 1401 ita

207 1441 291 1498 rout
315 1433 434 1516 palam
459 1434 598 1498 daretur
623 1436 777 1519 intelligi,
802 1439 884 1520 quia
909 1439 1043 1502 interna
1062 1438 1211 1521 Spiritus

252 1535 373 1600 Sancti
387 1536 625 1600 consolatione
641 1555 818 1619 pressuras
833 1545 1064 1602 contemneret
1083 1540 1211 1603 extrin-

251 1656 361 1700 secas.

236 1793 238 1797 .
297 1737 382 1820 527.
417 1739 484 1802 Sed
515 1746 551 1802 et
578 1740 770 1822 vigiliarum
799 1748 904 1824 atque
932 1740 1098 1805 orationis
1125 1741 1212 1805 adeo
1232 1766 1387 1826 sinamus.

252 1839 430 1904 studiosus
441 1839 645 1919 exsistebat,
657 1848 696 1904 ut
707 1841 889 1922 aliquoties
901 1848 970 1905 tres
982 1842 1054 1906 sive
1065 1852 1213 1922 quatuor
1230 1817 1386 1914 lffltfnd

208 1960 240 2004 15
251 1947 374 2004 noctes
408 1941 589 2004 continuas
618 1942 761 2024 pervigil
790 1943 999 2024 transegisse
1032 1942 1211 2022 credatur;

252 2061 331 2105 cum
357 2061 417 2124 per
439 2047 574 2105 tantum
598 2042 761 2124 temporis
782 2063 892 2124 neque
917 2043 961 2107 ad
985 2043 1113 2106 lectum
1134 2062 1212 2125 pro-

250 2142 363 2225 prium
377 2143 517 2219 veniret,
536 2162 647 2225 neque
668 2151 768 2207 extra
788 2144 1031 2207 Dormitorium
1053 2144 1211 2207 Fratrum

252 2245 366 2308 locum
389 2244 549 2327 aliquem,
572 2244 608 2306 in
634 2265 702 2327 quo
727 2263 874 2327 pausare
901 2253 1030 2328 posset,
1060 2243 1211 2309 baberet.

253 2347 334 2410 Sive
354 2345 443 2409 enim
463 2346 548 2410 locis
568 2346 806 2409 secretioribus
828 2347 922 2409 solus
943 2346 1090 2409 orationi
1108 2365 1213 2408 vaca-

208 2465 241 2510 20
252 2447 325 2524 bat,
339 2447 515 2510 siveinter
530 2447 747 2530 psallendum
763 2449 970 2530 operabatur
992 2446 1124 2529 aliquid
1141 2465 1213 2509 mu-

254 2549 366 2625 nibus,
384 2554 623 2631 torporemque
647 2549 852 2613 dormitandi
870 2549 1059 2612 laborando
1077 2546 1214 2630 propel-

253 2649 358 2726 lebat,
384 2669 445 2712 seu
473 2657 564 2713 certe
592 2649 759 2714 circuibat
786 2649 945 2724 insulam,
974 2647 1145 2730 quomodo
1175 2666 1212 2710 se

254 2750 390 2832 singula
416 2770 563 2832 quaeque
588 2750 753 2815 haberent
775 2752 854 2833 pius
877 2750 1075 2832 explorator
1102 2749 1213 2829 inqui-

253 2871 345 2927 rens,
367 2852 495 2933 pariter
521 2858 556 2915 et
580 2851 827 2932 longitudinem
852 2852 917 2914 sibi
942 2849 1144 2932 psalmodiae
1171 2868 1213 2912 ac

209 2971 241 3014 as
254 2951 447 3032 vigiliarum
466 2950 654 3015 incedendo
674 2951 851 3016 allevians.
897 2950 1054 3032 Denique
1076 2968 1212 3031 arguere

255 3051 389 3115 solebat
419 3051 736 3132 pusillanimitatem
766 3051 936 3130 Fratrum,
973 3052 1032 3135 qui
1065 3051 1214 3133 graviter

254 3152 391 3230 ferrent,
414 3153 522 3234 siqui
542 3172 579 3216 se
598 3160 775 3216 noctumae
796 3153 851 3216 vel
870 3152 1066 3216 meridianae
1086 3152 1213 3235 quietis

255 3261 419 3335 tempore,
430 3254 625 3335 importuna
638 3253 724 3316 forte
736 3253 984 3336 inquietudine,
996 3254 1213 3330 suscitarent,

255 3355 413 3433 ‘Nemo,’
427 3355 596 3437 inquiens,
611 3360 622 3389 ‘
636 3353 719 3416 mihi
733 3354 927 3419 molestiam
944 3353 1028 3417 facit
1046 3374 1100 3417 me
1120 3354 1213 3417 exci-

211 3478 243 3523 so
256 3459 361 3523 tando
376 3459 419 3521 de
433 3476 564 3534 somno,
579 3457 640 3520 sed
655 3457 771 3538 potius
786 3456 940 3520 laetificat
954 3475 1008 3518 me
1020 3455 1078 3538 qui
1092 3475 1213 3519 exsus-

255 3561 362 3639 citat;
383 3559 467 3623 facit
481 3559 569 3622 euim
585 3578 650 3635 me,
665 3557 822 3621 discusso
837 3564 985 3639 torpore,
997 3557 1106 3620 somni
1121 3557 1214 3620 utili-

255 3662 339 3726 tatis
359 3661 489 3743 aliquid
510 3680 610 3743 agere
632 3660 687 3723 vel
710 3657 881 3741 cogitare?
925 3657 1074 3720 Tantum
1098 3664 1212 3720 autem

253 3761 508 3845 compunctioni
521 3767 593 3824 erat
605 3761 752 3838 deditus,
761 3767 894 3824 tantum
906 3759 1104 3823 coelestibus
1118 3759 1214 3821 arde·

255 3866 315 3927 bat
343 3862 534 3937 desideriis,
556 3872 596 3925 ut
620 3861 807 3924 Missarum
833 3861 1001 3923 solemnia
1025 3859 1214 3934 celebrans

213 3984 243 4028 ss
256 3983 472 4046 nequaquam
502 3963 576 4026 sine
607 3960 809 4049 profusione
828 3960 1044 4024 lacrimarum
1073 3957 1215 4039 implere

256 4071 377 4151 posset
405 4064 562 4128 officium.
607 4064 675 4127 Sed
702 4083 851 4145 congruo
877 4062 964 4126 satis
990 4059 1107 4124 ordine
1133 4058 1214 4126 dum

302 4182 390 4231 ΤΟΜ.
408 4182 448 4228 11.
929 4181 950 4229 G
