2850 4890
285 339 349 405 162
571 359 662 405 vrrs
681 357 709 405 s.
727 357 947 406 cuonrnrnr.

118 519 147 567 Α·
165 519 263 570 ΜΝ·
288 524 395 581 tatem
424 517 608 596 deveniret,
633 524 673 582 ut
699 518 853 600 equitare
882 536 952 580 non
975 517 1096 583 valens
1122 518 1246 585 feretro

289 618 476 683 caballario
490 619 678 697 veheretur,
692 619 845 705 quotidie
863 619 971 683 missa
990 626 1134 685 cantata
1154 621 1247 684 salu-

288 719 372 784 taris
387 719 509 784 hostiae
524 719 600 783 Deo
620 738 744 784 munus
759 718 903 796 offerret,
919 728 1065 801 excepto
1080 740 1162 798 uno,
1179 741 1246 804 quo

286 839 450 885 oceanum
465 821 662 901 navigabat,
678 827 713 884 et
727 820 836 886 tribus
851 827 932 884 ante
945 821 1077 885 exitum
1092 822 1225 886 diebus.

331 921 418 1004 §23
442 922 538 986 Obiit
566 928 680 986 autem
709 921 857 1003 septimo
887 920 1113 987 kalendarum
1143 923 1282 988 Octo-s

286 1022 394 1087 brium
418 1023 485 1100 die,
509 1042 599 1087 anno
625 1024 669 1087 ab
693 1022 929 1087 incarnatione
952 1022 1093 1088 Domini
1116 1027 1245 1108 septin-

287 1125 475 1206 gentesimo
504 1123 751 1201 sextodecimo,
775 1123 861 1189 feria
889 1132 1001 1202 sexta,
1024 1133 1107 1208 post
1129 1127 1246 1191 horam

286 1246 422 1302 nonam,
436 1226 473 1289 in
492 1225 601 1308 pratis
621 1233 818 1291 memoratae
838 1227 1012 1307 eivitatis3
1036 1229 1194 1310 sepultus
1210 1230 1245 1292 in

286 1327 472 1392 crastinum
498 1326 543 1391 ad
566 1335 719 1391 austrum
745 1326 900 1410 ejusdem
924 1328 1075 1392 civitatis
1099 1329 1245 1393 miliario

285 1429 395 1511 primo
414 1429 450 1492 in
467 1429 675 1493 monasterio
691 1429 923 1507 Geminorum,
939 1437 1075 1495 astante
1090 1450 1132 1495 ac
1152 1432 1245 1515 psal·
1256 1451 1281 1493 ro

285 1549 360 1593 mos
379 1537 562 1595 resonante
583 1531 737 1595 exercitu
752 1550 821 1594 non
835 1549 944 1612 parvo
961 1540 1032 1595 tam
1047 1529 1245 1613 Anglorum,

285 1633 345 1713 qui
365 1653 441 1697 oum
457 1652 499 1696 eo
514 1634 736 1710 advenerant,
750 1651 855 1716 quam
874 1633 1072 1697 monasterii
1092 1633 1245 1717 ejusdem

283 1733 340 1799 vel
355 1734 506 1798 civitatis
521 1734 722 1798 incolarum.
766 1734 855 1799 Sunt
870 1741 984 1799 autem
1000 1734 1138 1799 Gemini
1157 1756 1245 1800 mar-

284 1841 389 1916 tyres,
413 1834 449 1896 in
472 1854 616 1917 quorum
640 1835 848 1900 monasterio
871 1841 907 1899 et
922 1836 1069 1902 ecclesia
1085 1837 1245 1901 conditus

284 1940 347 2010 est,
363 1934 588 2017 Speusippus,
602 1934 823 2018 Eleusippus‚
837 1935 1086 2020 Meleusippus,
1100 1940 1160 2021 qui
1174 1959 1243 2003 uno
1254 1958 1280 2002 1⁵

284 2042 386 2116 partu
414 2036 532 2099 matris
560 2035 655 2113 editi,
684 2036 804 2100 eadem
834 2038 989 2102 ecclesiae
1024 2039 1091 2102 fide
1122 2041 1243 2118 renati,

285 2133 389 2198 simul
409 2154 486 2198 curn
506 2136 586 2202 avia
605 2155 671 2200 sua
687 2136 862 2215 Leonella,
877 2138 1014 2220 dignam
1030 2140 1109 2203 loco
1124 2141 1176 2205 illi
1190 2143 1243 2205 sui

285 2235 438 2319 martyrii
452 2236 619 2319 reliquere
633 2236 842 2313 memoriam,
853 2240 912 2321 qui
923 2241 1016 2320 piam
1028 2241 1133 2306 etiam
1145 2243 1244 2308 nobis
1273 2271 1282 2287 ·

283 2336 432 2418 indignis
448 2345 484 2401 et
497 2344 615 2402 nostro
631 2339 765 2420 parenti
780 2358 880 2421 opem
899 2360 971 2405 suae
987 2344 1243 2409 intercessionis

284 2444 319 2502 et
331 2439 553 2519 protectionis
569 2439 778 2520 impendant.
1252 2464 1281 2508 no

317 2693 338 2724 2⁰
355 2689 516 2764 Impendent]
551 2696 588 2746 H.
609 2696 674 2746 adds
693 2696 745 2746 this
779 2698 1244 2764 siaepraecipuagubernaverunt‘mo·

283 2766 389 2823 Rubrio,
410 2767 548 2827 ‘Explicit
562 2768 625 2815 Vita
643 2767 687 2816 SS.
701 2768 745 2816 ab·
779 2772 894 2819 nasteria
912 2772 958 2821 SS.
977 2773 1152 2834 apostolorum
1171 2776 1245 2826 Petri

194 2888 197 2893 ,
282 2837 369 2886 batum
377 2837 524 2899 Benedicti,
532 2837 669 2898 Ceolsridi,
683 2839 745 2886 Eos·
779 2845 806 2888 et
825 2840 914 2901 Bauli,
932 2846 962 2890 ut
982 2844 1060 2892 Liber
1078 2848 1244 2910 praescriptns

283 2907 384 2956 terwini
396 2911 473 2967 atque
485 2907 602 2970 sigfridi,
613 2909 746 2957 venerabi·
779 2923 796 2957 a
808 2910 884 2960 beato
898 2913 974 2964 Beda
992 2914 1140 2964 luculenter
1158 2923 1243 2967 osten-

282 2978 746 3040 linrn,quiluminariasanctaeecele-
780 2979 835 3030 dit:
