2850 4890
465 376 646 436 nuoroun
664 376 750 424 vnn.
767 375 879 423 naon.
1107 359 1150 424 61

191 551 259 614 que
290 532 409 596 orandi
438 534 604 597 solertior.
660 533 728 597 Sed
760 540 794 597 et
823 534 928 616 juxta
957 534 1149 615 exemplum
1168 547 1312 596 nucu.

192 632 370 698 Samsonis
397 633 574 698 fortissimi
603 635 776 717 qnondam
806 635 966 710 Nazarei,
989 636 1032 698 ab
1059 635 1151 697 omni

192 735 284 814 quod
311 734 478 799 inebriare
508 743 624 816 potest
657 736 797 798 sedulus
828 736 1045 813 abstinebat;
1082 753 1151 797 non

193 844 309 899 autem
333 843 466 898 tantam
492 854 649 899 escarum
673 835 814 899 valebat
840 835 952 898 subire
976 835 1152 897 continen-

164 935 341 1012 etiamne
361 935 566 999 necessariis
581 935 694 998 minus
710 935 856 998 idoneus
871 936 1058 998 efficeretur
1073 952 1153 1015 ope-

192 1036 296 1100 ribus.
353 1036 437 1100 Erat
464 1037 553 1099 enim
587 1038 749 1100 robustus
779 1055 919 1118 corpore
955 1044 990 1099 et
1023 1037 1153 1116 integer

193 1138 333 1213 viribuS‚
349 1145 383 1202 et
403 1140 445 1202 ad
466 1157 681 1220 quaecunque
702 1138 841 1202 volebat
862 1144 965 1219 aptus
988 1137 1153 1199 exercitia

193 1238 331 1303 laboris.

540 1473 699 1538 CAPUT
721 1473 807 1538 VII.

151 1660 183 1704 ro
197 1638 355 1709 Quomodo
370 1643 511 1728 appelant
527 1643 663 1729 bospitio
677 1645 846 1729 suscipiens
861 1642 932 1705 dum
943 1663 1056 1726 purtem
1072 1663 1155 1727 quoe-

237 1746 284 1807 rit
295 1746 474 1808 ministrare
489 1755 651 1825 terrenum,
664 1746 777 1809 calesu·
792 1744 832 1808 ab
847 1744 949 1807 codem
964 1744 1155 1806 remunerari

240 1848 395 1912 mauult.

199 2048 283 2132 §la
308 2050 475 2127 Cuuoun
500 2058 579 2135 post
604 2052 735 2134 aliquot
756 2070 865 2115 annos
886 2050 955 2132 regi
976 2049 1154 2112 Alchsrido
1174 2070 1323 2110 vanuum

1175 2123 1234 2170 angel
1246 2127 1266 2160 at
1297 2133 1330 2170 ry-

197 2151 348 2231 placeret
367 2172 428 2233 pro
449 2153 664 2216 redemtione·
678 2153 800 2216 animae
824 2171 896 2214 suae
916 2153 1029 2214 locum
1049 2170 1155 2232 quen·
1175 2183 1233 2222 pum.

155 2269 185 2312 1⁵
197 2250 276 2313 dam
291 2254 384 2332 regni
402 2255 467 2329 sui,
482 2253 540 2334 qui
556 2260 701 2316 vocatur
721 2252 919 2334 Inhrypum,
935 2252 979 2315 ad
999 2259 1155 2314 constru-

199 2353 323 2416 endum
338 2354 464 2417 ibidem
477 2356 732 2430 monasterium,
751 2354 863 2417 Eatan
879 2354 997 2417 abbati
1017 2353 1155 2430 donare,

199 2453 323 2518 tollens
338 2455 427 2517 idem
442 2457 550 2519 abbas
566 2455 733 2538 quosdam
748 2476 767 2518 e
784 2455 959 2519 Fratribus
979 2473 1106 2530 secum,
1120 2453 1156 2515 in

199 2553 323 2633 quibus
339 2560 374 2617 et
389 2554 629 2628 cudberctum,
641 2557 794 2619 condidit
807 2556 855 2619 ibi
870 2556 959 2636 quod
977 2555 1157 2636 petebatur

198 2655 453 2732 monasterium,
470 2662 573 2737 atque
593 2655 723 2718 eisdem
744 2657 869 2738 quibus
889 2663 991 2719 antea
1012 2653 1156 2716 Mailros

154 2772 187 2816 ro
198 2755 366 2818 institutis
382 2754 585 2837 Disciplinae
602 2755 782 2838 Regularis
798 2756 927 2819 imbuit.
964 2755 1034 2817 Ubi
1049 2754 1158 2816 samu-

199 2855 254 2918 lus
294 2856 433 2919 Domini
467 2856 679 2935 Cudberctus
718 2855 1012 2940 suscipiendorum
1047 2854 1157 2917 officio

200 2942 412 3039 Praepositus
431 2957 615 3039 hospitum,
632 2959 819 3039 probandae
835 2976 907 3020 suae
924 2955 1035 3037 gratia
1053 2955 1157 3019 devo-

201 3251 327 3300 Benedict
343 3248 412 3316 (cap.
437 3249 490 3316 48),
509 3266 537 3299 as
555 3254 616 3301 well
634 3268 663 3301 as
732 3250 752 3279 ²²
769 3252 916 3314 Propositus
937 3247 1074 3319 horratum]
1116 3252 1158 3300 An

202 3321 295 3369 almost
307 3336 383 3382 every
398 3320 471 3368 other
487 3322 551 3369 code
569 3323 598 3370 of
612 3338 663 3370 mo·
696 3322 765 3370 office
782 3322 811 3370 oi
827 3327 894 3370 trust
909 3323 959 3369 and
977 3324 1088 3383 dignity.
1126 3321 1157 3368 In

201 3393 283 3439 pastio
305 3390 450 3452 discipline,
474 3393 591 3453 enjoined
611 3408 664 3440 ma·
696 3392 738 3439 the
751 3393 856 3452 graphio
866 3397 974 3440 account
983 3393 1011 3440 of
1018 3393 1058 3439 his
1071 3392 1157 3440 duties

202 3462 264 3509 nuel
280 3461 371 3509 labour
387 3476 455 3521 upon
474 3463 507 3510 its
524 3462 664 3523 followere,
695 3464 770 3523 given
789 3465 814 3510 in
831 3463 874 3510 the
891 3463 1114 3521 Consuetudinery
1132 3461 1162 3509 of

202 3531 253 3579 and
278 3545 294 3579 a
318 3531 424 3579 number
448 3531 477 3579 oi
494 3533 664 3581 illustratione
696 3533 737 3580 the
747 3533 850 3581 Canous
860 3533 976 3591 Regular
986 3532 1057 3580 orsu
1067 3532 1157 3579 Victor

202 3600 327 3648 collected
339 3602 374 3662 by
387 3602 515 3663 Murteae,
525 3604 565 3651 De
578 3601 664 3664 Antiq.
696 3608 722 3650 at
735 3603 810 3650 Paris
819 3600 932 3665 (printed
945 3603 978 3662 by
988 3602 1116 3662 Martene,
1124 3601 1157 3649 de

202 3671 275 3720 Ecol.
293 3671 348 3720 Rit.
371 3673 405 3721 iv.
428 3676 470 3734 23,
489 3688 581 3734 provee
606 3674 665 3720 how
696 3672 785 3734 Antiq.
802 3673 873 3720 Eccl.
895 3673 963 3721 Disc.
985 3673 1022 3721 iii.
1043 3672 1113 3738 App.
1131 3686 1157 3734 p.

204 3742 335 3803 generally
349 3742 413 3790 such
432 3744 577 3792 commando
596 3757 665 3792 were
695 3743 766 3805 260),
776 3743 837 3791 heis
848 3743 983 3790 described
992 3744 1037 3790 ae‘
1048 3743 1157 3790 ..virum

203 3811 311 3872 obeyed.
696 3813 809 3860 moribus
827 3818 853 3860 et
869 3811 1007 3871 disciplina
1018 3813 1157 3871 eruditum,

248 3878 368 3931 ⁹Cruor
393 3876 473 3948 VIL]
522 3884 577 3932 Vit.
599 3884 664 3931 Met.
696 3882 1159 3943 quisciateingulisadvenientibus,

206 3952 272 4012 Cap.
285 3965 340 4012 vu;
360 3951 414 3999 vit.
429 3948 593 4016 Anon.§12.
697 3957 773 4013 prout
788 3952 881 4012 religio
894 3956 920 3999 et
932 3952 1051 3999 honestae
1067 3952 1158 4011 exigit,

242 4017 261 4046 ¹⁵
279 4014 428 4090 Inhrypum,]
450 4022 504 4069 The
521 4027 596 4082 grant
611 4036 667 4071 was
697 4037 792 4070 morem
810 4037 898 4083 gerere
920 4028 946 4071 et
967 4021 1067 4070 deferre
1086 4020 1160 4068 obse-

205 4091 280 4140 made
293 4091 379 4140 before
392 4105 418 4140 Α.
428 4106 455 4141 n.
468 4093 526 4141 660.
697 4089 803 4153 quium?
