2850 4890
292 346 357 412 116
587 364 680 412 virt
699 363 727 412 n.
745 365 978 428 connuncrr,

122 539 267 588 unum.
296 543 372 589 earn
392 524 429 588 in
450 525 656 606 caldariam3
678 525 816 608 coquite
834 531 869 589 et
881 522 1066 601 comedite,
1081 523 1129 587 ut'
1140 521 1251 606 possit

296 645 387 690 marc
403 627 590 710 quiescere,
606 634 641 691 et
654 646 714 691 vos
731 626 867 690 domum
881 623 1075 689 remittere!

340 727 425 810 §bb
449 727 620 792 Fecemnt
645 728 763 792 statim
789 734 827 791 ut
850 726 1014 810 jusserat,
1040 725 1252 807 contigitque

294 827 381 891 miro
396 827 524 905 ordine,
535 836 574 892 ut
586 847 664 891 cum
676 827 719 891 ad
734 834 942 910 praeceptum
953 825 1015 890 viri
1032 825 1100 890 Dei
1112 833 1253 889 coctura

296 930 332 993 in
352 929 516 1008 caldaria,
535 929 613 994 soco
634 937 766 1011 agente,
785 928 915 994 fervere
936 927 1113 1011 coepisset,
1132 926 1251 991 eadem
1278 945 1290 987 r

297 1030 382 1094 hora
400 1030 494 1095 unda
513 1031 549 1093 in
569 1032 666 1107 mari,
687 1029 905 1094 cessantibus
924 1030 1049 1107 ventis,
1064 1048 1128 1092 suo
1148 1047 1171 1092 a
1190 1028 1253 1092 fer·

297 1151 379 1197 vore
394 1134 595 1216 quiesceret.
639 1130 790 1214 Expleta
801 1131 920 1213 itaque
931 1130 1126 1208 refectione,
1136 1129 1253 1195 viden-

298 1242 351 1298 tes
365 1254 455 1298 mare
470 1233 642 1317 placidum
655 1232 889 1296 ascenderunt
901 1232 1029 1309 navim,
1044 1241 1079 1296 et
1093 1232 1253 1296 secundis

298 1336 437 1400 flatibus
453 1356 529 1400 cum
544 1335 668 1418 gaudio
684 1334 785 1397 simul
800 1340 834 1399 et
849 1334 979 1417 pudore
995 1333 1132 1397 domum
1149 1353 1255 1399 reme-

300 1445 454 1503 avemnt.
500 1437 659 1502 Pudebat
686 1456 834 1519 namque
864 1454 923 1499 eos
952 1435 1194 1501 inobedientiae
1222 1443 1292 1499 etro

301 1559 422 1603 sensus
439 1533 691 1621 tardioris,'quo
704 1538 912 1602 vetabantur
926 1556 1025 1600 suum
1045 1537 1150 1602 etiam
1169 1538 1256 1602 inter

301 1641 438 1723 flagella
451 1641 647 1705 Conditoris
660 1640 858 1722 dignoscere
873 1645 907 1701 et
922 1637 1103 1702 emendare
1114 1647 1255 1704 reatum.

302 1741 511 1807 Gaudebant
538 1743 621 1825 quia
653 1740 852 1805 intellexere
883 1745 1014 1803 tantam
1041 1738 1151 1805 fuisse
1181 1739 1256 1806 Deo

302 1862 418 1907 curam
442 1843 485 1906 de
513 1843 605 1907 fideli
632 1862 695 1907 suo
720 1843 861 1918 famulo,
887 1849 926 1905 ut
949 1849 1159 1906 contemtum
1182 1843 1255 1926 ejus

302 1944 406 2007 etiam
425 1963 486 2026 per
505 1944 674 2009 elementa
698 1944 897 2008 vindicaret.
942 1942 1150 2007 Gaudebant
1175 1945 1256 2027 quia
1266 1962 1293 2006 15

300 2045 415 2110 videre
438 2052 570 2109 tantam
594 2046 719 2109 suimet
742 2064 858 2108 curam
879 2063 943 2108 suo
960 2045 1069 2108 fuisse
1089 2043 1257 2124 Creatori,

234 2134 236 2138 ¹
301 2155 341 2211 ut
354 2147 459 2211 etiam
473 2147 655 2211 manifesto
669 2146 833 2210 miraculo
852 2146 1003 2228 ipsorum
1023 2154 1137 2211 errata
1156 2148 1257 2211 corri-

303 2256 406 2330 geret.
458 2249 537 2312 Hoc
565 2268 659 2325 sane,
689 2247 780 2331 quod
809 2248 920 2324 retuli,
948 2247 1160 2324 miraculum,
1190 2268 1257 2312 non

304 2351 458 2432 quolibet
488 2356 636 2426 auctore,
663 2349 723 2413 sed
753 2367 822 2410 uno
848 2367 963 2411 eorum
993 2347 1052 2428 qui
1074 2348 1258 2414 interfuere

303 2459 463 2516 narrante
489 2453 644 2532 cognovi,
668 2451 749 2515 vitae
773 2448 934 2514 videlicet
957 2450 1164 2514 venerabilis
1188 2470 1296 2516 mo-ao

302 2552 414 2616 nacho
446 2559 481 2615 et
510 2553 708 2635 presbytero
738 2549 892 2634 ejusdem
920 2551 1119 2614 monasterii
1148 2550 1258 2635 Cyne-

303 2653 441 2731 mundo,
458 2653 518 2737 qui
539 2653 693 2736 plurimis
713 2652 784 2716 late
804 2650 955 2715 fidelium
974 2651 1209 2733 longaevitatis
1226 2663 1260 2719 et

257 2758 260 2765 '
305 2756 387 2820 vitae
402 2757 513 2838 gratia
521 2754 595 2838 jam
610 2761 714 2820 notus
729 2752 878 2818 exsistit.

584 3091 746 3157 CAPUT
768 3091 978 3158 XXXVII.

320 3259 448 3330 Quanta
464 3271 596 3349 (egrotus
612 3271 802 3330 tentamenta
811 3263 991 3348 pertulerit,
1006 3265 1119 3350 quidve
1134 3266 1173 3329 de
1187 3289 1243 3331 suc
1270 3286 1298 3332 tr

590 3365 750 3450 sepultura
766 3367 971 3430 mandauerit.

310 3567 398 3650 §552
436 3565 629 3630 Ruvnrrrr
660 3575 774 3631 autem
804 3569 954 3633 insulam
982 3569 1262 3654 mansionemque

309 3689 408 3734 suam
420 3669 473 3734 vir
487 3668 553 3732 Dei
570 3669 784 3734 Cudberctus
797 3691 878 3734 mox
893 3678 1034 3753 peracta
1049 3670 1103 3734 die
1120 3673 1263 3736 solemni

310 3771 514 3837 Natiuitatis
539 3770 741 3834 Dominicae.
786 3772 939 3855 Cumque
963 3771 1041 3836 eum
1062 3793 1186 3838 navem
1207 3796 1263 3840 as-

310 3860 493 3937 censurum
510 3879 651 3936 caterva
675 3872 833 3936 Fratrum
855 3875 1100 3953 circumstaret,
1122 3877 1303 3941 interro-so

343 4092 364 4122 ²⁴
380 4093 473 4142 error
484 4085 643 4158 xxxma]
670 4087 727 4140 Vit.
740 4091 824 4140 Anon.
837 4091 850 4158 ξ
862 4096 892 4141 41
906 4110 913 4155 ;
931 4095 985 4144 Vit.
1000 4096 1065 4146 Met.
1080 4097 1238 4158 Canxvvw
