2850 4890
433 365 484 411 an
505 365 759 413 nconnncnuu
779 366 1030 419 anmsunnu.
1146 349 1211 415 21³

253 521 337 586 nibil
358 523 495 586 omnino
517 522 745 605 praedicando,
765 523 819 589 vel
840 522 1065 602 exhortando,
1081 525 1136 589 vel
1160 525 1211 588 in·

253 623 436 705 crepando,
444 624 572 688 laboris
588 623 784 706 impendere
798 625 1021 690 contendunt.
1056 625 1211 690 Sollicite

254 733 358 807 atque
392 725 581 790 intentione
615 726 763 802 curiosa,
797 727 943 790 antistes
975 727 1210 806 dilectissime,

253 827 436 910 perpende.
489 826 696 891 Audivimus
725 827 827 904 enim,
853 835 890 891 et
917 827 1011 892 sama
1039 835 1103 906 est,
1128 829 1211 911 quia

222 929 369 993 smultoe
393 929 485 994 villae
508 948 549 992 ac
572 929 678 993 viculi
697 936 824 993 nostrae
844 929 955 1011 gentis
978 930 1013 992 in
1037 931 1211 994 montibus

254 1030 324 1094 sint
350 1030 540 1095 inaccessis
575 1049 617 1093 ac
647 1029 794 1094 saltibus
822 1030 975 1094 dumosis
1004 1031 1121 1111 positi,
1149 1030 1210 1095 ubi

253 1152 427 1215 nunquam
462 1131 580 1195 multis
618 1133 876 1197 transeuntibus
906 1133 1006 1197 annis
1040 1133 1088 1197 sit
1114 1133 1209 1197 visus

253 1235 412 1314 antistes,
430 1234 490 1317 qui
510 1234 635 1298 ibidem
656 1233 788 1318 aliquid
808 1234 988 1299 ministerii
1009 1241 1070 1299 aut
1089 1234 1210 1316 gratiae

253 1335 407 1401 coelestis
427 1335 629 1412 exhibuerit,
644 1355 789 1419 quorum
809 1343 924 1400 tamen
942 1354 1005 1400 nec
1026 1354 1115 1398 unus
1133 1334 1211 1418 qui·

210 1436 329 1501 rodem
350 1457 372 1502 a
390 1437 525 1500 tributis
545 1437 693 1502 antistiti
711 1436 892 1501 reddendis
914 1456 991 1502 esse
1011 1437 1123 1520 possit
1145 1439 1209 1503 im·

252 1540 384 1620 munis3
406 1558 471 1604 nec
491 1539 602 1604 solum
621 1540 748 1604 talibus
767 1539 854 1603 locis
874 1538 965 1602 desit
984 1539 1131 1603 antistes
1149 1539 1209 1622 qui

252 1660 377 1705 manus
404 1640 624 1723 impositione
654 1641 848 1724 baptizatos
878 1640 1064 1717 confirmet,
1091 1660 1210 1705 verum

253 1743 357 1807 etiam
371 1743 481 1807 omnis
495 1743 614 1807 doctor
630 1744 690 1827 qui
710 1762 770 1808 eos
785 1743 840 1808 vel
854 1742 934 1807 fidei
949 1742 1140 1821 veritatem,
1154 1741 1210 1806 vel

251 1844 490 1912 discretionem
503 1844 603 1908 bonae
616 1844 768 1909 aemalae
783 1843 930 1908 actionis
942 1842 1096 1922 edoceat,
1108 1845 1210 1908 absit.

158 1968 161 1972 ·
209 1965 241 2010 15
253 1945 380 2029 Sicque
408 1946 459 2025 fit,
486 1954 525 2010 ut
554 1947 790 2029 episcoporum
821 1947 962 2031 quidam
992 1966 1061 2011 non
1097 1946 1208 2011 solum

252 2048 360 2130 gratis
375 2066 444 2111 non
460 2048 705 2131 evangelizent,
719 2049 775 2113 vel
792 2068 914 2113 manus
928 2048 1086 2112 fidelibus
1100 2049 1209 2132 impo-

252 2158 350 2227 nant,
369 2150 621 2227 verumetiam,
641 2149 733 2233 quod
754 2150 893 2232 gravius
913 2161 978 2229 est,
999 2158 1144 2233 accepta
1164 2150 1208 2215 ab

252 2251 467 2315 auditoribus
494 2252 566 2315 suis
591 2252 750 2334 pecunia,
773 2271 877 2334 quam
902 2252 1072 2326 Dominus
1098 2249 1210 2335 prohi-

252 2353 339 2431 buit,
358 2373 447 2437 opus
466 2354 572 2432 verbi,
598 2354 690 2436 quod
703 2353 887 2447 (Dominus
908 2353 1017 2438 jussit
1040 2372 1209 2430 exercere,

208 2473 241 2520 ao
252 2464 496 2536 contemnant;
518 2476 623 2539 quum
639 2455 716 2520 Deo
733 2456 879 2520 dilectus
893 2455 1050 2539 pontifex
1069 2453 1210 2520 Samuel

250 2558 352 2640 longe
378 2558 479 2622 aliter
502 2558 638 2634 fecisse,
660 2557 753 2621 omni
781 2558 911 2641 populo
939 2565 1039 2637 teste,
1062 2558 1211 2640 legatur.

251 2659 406 2744 ‘Itaque
436 2660 680 2738 conversatus‚'
708 2660 832 2743 inquit,
861 2665 1006 2724 ‘coram
1035 2660 1134 2725 vobis
1164 2660 1209 2723 ab

252 2761 486 2827 adolescentia
499 2783 576 2828 mea
586 2763 753 2845 usquead
766 2762 856 2826 diem
866 2762 966 2840 banc,
978 2781 1070 2838 ecce,
1080 2767 1209 2843 praesto

252 2884 340 2943 sum,
362 2863 541 2948 loquimini
565 2865 608 2929 de
631 2885 685 2929 me
708 2884 824 2929 coram
848 2864 1011 2943 Domino,
1034 2871 1069 2927 et
1095 2881 1209 2927 coram

207 2985 241 3030 as
254 2965 391 3030 Christo
418 2966 504 3050 ejus,
527 2973 641 3033 utrum
670 2968 794 3031 bovem
820 2965 966 3049 alicujus
992 2965 1138 3041 tulerim,
1165 2984 1211 3029 au

253 3068 400 3146 asinum,
411 3067 443 3131 si
455 3067 653 3151 quempiam
669 3066 897 3132 calumniatus
909 3087 996 3146 sum,
1008 3068 1038 3132 si
1053 3066 1211 3149 oppressi

252 3171 413 3253 aliquem,
427 3171 457 3235 si
474 3171 516 3236 de
530 3190 635 3235 manu
650 3170 855 3254 cujusquam
869 3188 993 3232 munus
1013 3168 1152 3250 accepi;
1174 3175 1210 3232 et

252 3278 468 3337 contemnam
493 3271 578 3336 illud
604 3271 716 3349 bodie,
739 3271 985 3354 restituamque
1008 3269 1119 3336 vobis.
1163 3269 1210 3334 Et

252 3375 424 3452 dixerunt,
440 3375 522 3439 Non
543 3395 581 3440 es
601 3375 831 3439 calumniatus
848 3393 924 3451 nos,
938 3392 1049 3456 neque
1068 3391 1209 3455 oppres-

207 3494 241 3539 so
252 3475 339 3554 sisti,
364 3496 477 3560 neque
503 3475 617 3540 tulisti
642 3475 685 3539 de
710 3494 814 3538 manu
838 3472 985 3558 alicujus
1009 3473 1209 3557 quippiam.'

253 3577 361 3662 Cujus
378 3577 584 3642 innocentiae
605 3598 647 3642 ac
664 3577 812 3661 justitiae
831 3577 953 3642 merito
974 3577 1064 3640 inter
1080 3576 1208 3658 primos

252 3680 372 3763 populi
387 3679 455 3744 Dei
469 3679 576 3744 duces
595 3687 632 3744 et
649 3679 846 3743 sacerdotes
861 3677 1086 3756 annumerari,
1104 3684 1208 3760 atque

252 3782 288 3844 in
312 3783 471 3865 precibus
497 3783 570 3846 suis
598 3800 745 3864 superno
774 3780 894 3844 auditu
924 3786 1027 3862 atque
1054 3772 1213 3861 alloquio

535 4101 552 4172 ².¹
570 4095 698 4172 Legata]
725 4109 736 4154 l
751 4105 819 4154 Sam.
833 4105 879 4154 xii.
893 4108 916 4153 ³.
