2850 4890
297 373 361 439 160
568 388 661 436 vrrs
678 388 707 438 s.
725 388 1013 449 uwnrnnnrrrr,

125 563 274 618 auare.
297 551 426 619 tionem
454 549 538 616 vitae
567 550 720 616 eoelestis
754 549 899 628 accitus,
928 549 1050 615 ultima
1082 547 1259 614 confectus

298 660 414 731 aetate,
433 659 469 718 et
481 671 587 735 prope
597 651 671 736 jam
685 653 882 730 moriturus,
897 671 1014 717 rursus
1027 652 1151 736 incipit
1164 670 1258 734 pere·

298 755 422 838 grinari
437 773 499 837 pro
515 753 663 832 Christo,
676 774 744 837 quo
763 754 905 819 liberius
924 754 1040 838 prisca
1055 752 1259 819 sollicitudi-

296 876 378 920 num
393 857 597 921 secularium
612 857 759 938 spineta,
774 857 909 921 camino
930 855 1101 940 spirituali
1122 855 1259 921 fervens

296 959 569 1043 compunctionis
582 959 671 1040 ignis
687 961 856 1028 absumat.
1280 975 1292 1018 s

344 1061 505 1125 ‘Deinde
524 1062 628 1125 etiam
646 1069 769 1126 vestrae
789 1061 990 1145 paternitati
1011 1060 1258 1144 supplicamns,

295 1168 335 1226 ut
358 1163 449 1245 quod
471 1182 535 1227 nos
552 1161 664 1227 facere
682 1182 751 1227 non
768 1164 964 1241 meruimus
978 1180 1042 1228 vos
1060 1180 1141 1244 erga
1160 1161 1256 1224 illum

293 1263 423 1327 ultimae
438 1263 578 1347 pietatis
594 1263 705 1327 seduli
719 1284 843 1328 munus
860 1265 1054 1347 expleatis3
1076 1282 1141 1347 pro
1161 1270 1255 1327 certo

294 1364 454 1442 scientes,
477 1365 560 1447 quia
586 1364 652 1428 etsi
678 1384 741 1430 vos
768 1384 893 1448 corpus
917 1365 1053 1430 habetis
1076 1365 1201 1448 ipsius,
1223 1372 1257 1429 et

294 1486 358 1530 nos
379 1473 494 1530 tamen
514 1473 550 1530 et
566 1486 630 1533 vos
645 1466 722 1532 Deo
737 1467 899 1533 devotum
914 1468 990 1551 ejus
1008 1469 1166 1550 spiritum
1183 1467 1292 1533 sivero

294 1568 331 1632 in
353 1586 495 1650 corpore
519 1576 724 1646 manentem,
745 1588 806 1632 seu
831 1571 965 1634 carneis
986 1569 1137 1634 vinculis
1157 1571 1257 1635 abso·

295 1669 416 1748 lutum,
430 1689 591 1753 magnum
604 1689 666 1754 pro
678 1671 805 1735 nostris
817 1672 1017 1736 excessibus
1032 1670 1124 1755 apud
1141 1690 1258 1755 snper-

297 1773 552 1855 nampietatem
562 1773 821 1838 intercessorem
833 1772 998 1837 habemus
1010 1780 1044 1837 et
1056 1772 1256 1857 patronum?

297 1871 343 1936 Et
357 1882 481 1952 cetera,
496 1893 574 1957 quae
587 1874 743 1959 epistolae
759 1876 940 1958 sequentia
954 1875 1141 1939 continent.

126 2047 272 2110 ungant».
340 2021 427 2106 §20.
450 2022 605 2089 Reverso
620 2032 736 2089 autem
757 2025 894 2090 domum
909 2025 1178 2104 Hwaetberchto,
1197 2025 1291 2091 ad-ra

123 2101 221 2151 ΨΜ·
296 2133 440 2190 vocatur
459 2125 641 2209 episcopus
661 2127 768 2207 Acca,
783 2135 818 2192 et
838 2128 942 2193 solita
960 2128 1104 2193 illumin
1121 2128 1255 2194 abbatis

296 2225 444 2290 officium
463 2227 700 2292 benedictione
722 2229 909 2293 confirmat.
952 2229 1023 2308 Qui
1045 2229 1137 2294 inter
1157 2230 1256 2295 innu-

296 2347 390 2392 mera
408 2327 607 2392 monasterii
619 2327 710 2410 jura,
726 2348 804 2411 quae
819 2330 968 2413 juvenili
983 2349 1093 2413 sagax
1116 2330 1256 2396 solertia

295 2430 531 2512 recuperabat,
545 2427 610 2491 hoc
630 2428 805 2512 inprimis
825 2432 982 2495 omnibus
1000 2431 1203 2498 delectabile
1223 2441 1257 2498 et

296 2531 487 2612 gratificum
499 2528 602 2610 secit3
625 2530 768 2593 sustulit
787 2548 869 2596 ossa
886 2531 1091 2597 Eosterwini
1107 2532 1255 2612 abbatis,
1266 2551 1293 2597 au

296 2631 430 2714 quaein
450 2632 584 2714 porticu
607 2633 781 2713 ingressus
802 2633 958 2698 ecclesiae
982 2635 1076 2699 beati
1093 2634 1257 2719 Apostoli

297 2735 394 2800 Petri
417 2742 517 2801 erant
540 2734 676 2817 posita3
699 2753 832 2799 necnon
855 2743 891 2800 et
911 2755 993 2801 ossa
1012 2735 1174 2818 Sicgsridi
1197 2737 1257 2826 ab·

295 2837 387 2901 batis
411 2855 452 2900 ac
477 2836 632 2918 magistri
653 2834 826 2920 quondam
846 2837 912 2914 sui,
933 2856 1010 2919 qnae
1030 2836 1113 2901 foris
1132 2837 1273 2918 Sacra-y

294 2939 381 3003 rium
402 2939 447 3003 ad
464 2939 640 3003 meridiem
664 2937 803 3004 fuerant
825 2939 975 3017 condita,
997 2945 1033 3004 et
1055 2947 1202 3022 utraque
1220 2942 1256 3005 in

295 3040 501 3118 mathena,
531 3040 593 3104 sed
620 3039 732 3104 medio
757 3039 888 3123 pariete
916 3040 1040 3119 divisa,
1065 3042 1256 3121 recludens,
1265 3061 1292 3106 aa

295 3143 389 3232 intus
409 3143 445 3205 iu
465 3142 585 3206 eadem
605 3142 752 3206 ecclesia
765 3141 872 3226 juxta
891 3161 1014 3225 corpus
1033 3142 1128 3207 beati
1146 3145 1256 3227 patris

296 3241 477 3307 Benedicti
493 3243 695 3325 composuit.
725 3243 823 3307 Fecit
838 3251 953 3308 autem
967 3244 1041 3309 haec
1057 3244 1112 3309 die
1127 3246 1255 3311 natalis

295 3343 465 3427 Sicgsridi,
485 3343 521 3407 id
548 3351 613 3422 est,
641 3345 822 3410 undecimo
850 3344 1074 3410 kalendarum
1100 3346 1256 3430 Septem·

294 3447 416 3524 brium,
439 3464 507 3528 quo
533 3446 637 3510 etiam
659 3446 714 3510 die
734 3446 821 3511 mira
844 3446 911 3512 Dei
936 3448 1153 3530 providentia
1175 3468 1256 3514 con-

294 3547 384 3628 tigit,
399 3554 438 3610 ut
451 3548 665 3611 venerandus
681 3546 809 3612 Christi
823 3549 972 3613 famulus
985 3549 1141 3628 Uitmaer‚
1157 3552 1255 3637 cujus
1265 3568 1292 3614 ao

295 3668 400 3732 supra
422 3649 649 3728 meminimus
669 3651 861 3727 excederet,
882 3660 917 3715 et
935 3652 972 3714 in
993 3652 1070 3716 loco
1087 3653 1149 3715 ubi
1167 3673 1254 3736 prae-

277 3787 278 3790 =
294 3751 379 3816 dicti
395 3753 539 3815 abbates
554 3751 649 3834 prius
665 3752 792 3834 sepulti
803 3753 952 3830 fuerant,
965 3753 1052 3836 ipse,
1065 3753 1126 3837 qui
1137 3773 1253 3818 eorum

293 3853 445 3917 imitator
459 3849 581 3931 fuerat,
596 3853 808 3917 conderetur.

327 4083 346 4112 ³¹
364 4084 516 4148 discederet]
543 4086 692 4149 Exciderat,
709 4087 754 4149 H,
792 4088 949 4138 ‘honorilice
962 4090 1098 4156 sepultus,’
1109 4092 1136 4139 in
1150 4090 1193 4140 the
1206 4091 1252 4141 lol-

292 4155 388 4218 which,
409 4157 443 4218 by
468 4156 511 4204 the
534 4158 706 4206 carelessness
729 4159 758 4206 of
791 4158 888 4222 lowing
899 4161 1055 4223 paragraph.

292 4225 335 4276 the
343 4228 436 4293 scribe,
445 4228 659 4291 passesontothe
668 4229 755 4279 words
