2850 4890
319 374 410 421 vrrs
429 374 458 421 a.
475 374 711 435 ouuuuanm,
730 374 842 422 lucr.
860 375 978 422 Aaou.
1065 359 1131 423 267

171 521 220 580 die
242 529 427 601 prosternens
451 543 483 582 se
505 531 572 581 ante
595 521 688 602 pedes
707 523 832 582 hominis
855 522 925 591 Dei,
944 521 1034 581 flebili
1056 543 1130 583 voce

171 607 288 668 veniam
302 606 491 686 indulgentiae
506 608 685 688 deprecavit.
718 607 776 667 Cui
789 609 876 667 homo
891 608 950 667 Dei
965 608 1130 688 prophetali

172 713 306 754 sermone
325 692 486 773 respondit,
506 703 514 728 ‘
532 694 635 754 Frater
649 695 698 764 mi,
713 694 784 773 quid
800 694 935 753 esttibi?
972 693 1132 773 Numquid

171 780 291 858 propius
319 779 561 859 appropinquasti
588 780 658 839 mihi
684 778 836 849 tentando,
866 799 956 857 quam
984 779 1132 838 debuisti?

143 883 158 926 5
172 865 244 924 Hoc
262 872 363 924 tamen
381 865 435 923 tihi
454 864 605 924 confitenti
624 886 683 925 uuo
698 865 786 925 modo
799 864 976 943 indulgetur,
991 866 1016 924 si
1030 873 1131 925 votum

173 951 302 1020 voveris,
324 970 474 1030 nunquam
496 958 526 1010 te
551 971 618 1010 esse
643 951 783 1031 quamdiu
807 952 910 1011 vixero
929 946 1132 1009 narraturum'

175 1036 277 1113 Frater
301 1045 399 1096 autem
433 1037 477 1097 sic
506 1057 619 1097 vovens
647 1045 677 1096 et
702 1035 871 1116 perficiens,
898 1036 1074 1096 benedictus
1101 1045 1133 1096 et

174 1122 308 1182 salvatus
336 1124 374 1181 ab
401 1142 437 1181 ao
466 1123 546 1182 exiit.
597 1122 677 1182 Post
703 1142 774 1183 vero
800 1122 912 1181 obitum
940 1123 1004 1200 ejus
1032 1121 1131 1181 multis

173 1207 312 1267 fratribus
332 1227 451 1267 narrans
471 1209 660 1268 sarritionem
685 1208 863 1279 animalium,
887 1208 965 1266 sicut
985 1207 1086 1266 leones
1103 1207 1133 1266 in

129 1294 265 1355 revereri
279 1294 361 1372 Lege
380 1294 504 1371 legimus
526 1293 645 1353 Danieli
664 1294 783 1365 servire,
802 1301 832 1353 et
851 1291 930 1373 quod
950 1293 1131 1372 spiritalibus

174 1379 270 1439 oculis
288 1380 450 1440 latitantem
471 1399 538 1438 aum
553 1389 583 1439 et
596 1381 769 1459 probantem
782 1378 908 1449 viderat,
923 1378 1000 1439 sicut
1019 1378 1132 1438 Petrus

173 1466 324 1524 Ananiam
339 1473 370 1524 et
382 1465 537 1545 Saphiram
554 1465 694 1546 Spiritum
711 1465 853 1525 Sanctum
871 1472 1029 1536 tentantes,
1045 1465 1131 1523 mira-

172 1550 456 1610 biliterdiffamavit.
908 1597 910 1600 ψ

225 1642 302 1710 §15-
337 1636 411 1696 Alio
439 1656 557 1716 quoque
585 1643 716 1717 tempore
743 1635 781 1694 de
809 1635 915 1695 eodem
941 1636 1253 1716 monasteriensem

130 1737 162 1783 15
174 1721 255 1800 quod
280 1721 385 1781 dicitur
409 1722 545 1791 MailroS,
567 1743 635 1782 cum
659 1722 777 1781 duobus
793 1720 931 1780 fratribus
950 1741 1085 1801 pergens,
1102 1729 1132 1780 et
1151 1707 1243 1746 ”¹¹'³⁰¹‘'

111 1873 119 1888 ι
174 1807 379 1887 navigans'ad
404 1810 508 1867 terra'm
529 1808 699 1880 Pictorum,
722 1809 774 1866 uhi
795 1807 1030 1888 Mudpieralegis
1051 1828 1132 1885 pros-

173 1913 244 1972 pere
262 1903 466 1974 pervenerunt.
511 1893 689 1953 Manserunt
706 1902 804 1953 autern
824 1894 864 1952 ihi
884 1894 998 1972 aliquot
1018 1893 1082 1954 dies
1104 1895 1132 1952 in

173 1999 282 2057 magna
302 1979 434 2058 penuria,
456 1999 525 2039 nam
544 1979 638 2039 fames
660 1979 813 2060 premebat
834 1999 897 2050 eos,
920 1989 951 2039 et
971 1986 1132 2060 tempestas
1227 2010 1228 2014 ¹

174 2067 263 2124 maris
285 2073 462 2146 potestatem
478 2066 589 2125 itineris
606 2064 765 2144 navigandi
785 2065 942 2144 prohibuit.
988 2064 1045 2125 Ille
1062 2085 1133 2124 vero

130 2150 263 2211 achomo
292 2150 352 2210 Dei
378 2159 556 2231 pernoctans
576 2153 667 2230 juxta
693 2151 790 2210 littora
817 2152 906 2210 maris
933 2153 962 2209 iu
991 2151 1133 2222 oratione,

175 2237 308 2316 pervenit
332 2236 370 2295 ad
395 2257 447 2297 eos
469 2257 565 2313 mane,
585 2238 614 2295 in
639 2236 687 2296 die
712 2236 886 2318 Epiphaniae
912 2235 1042 2304 Domini,
1065 2256 1133 2295 nem

174 2330 247 2402 postv
257 2321 404 2381 Natalitia
420 2322 539 2398 Domini
552 2342 672 2402 pergere
687 2331 845 2401 coeperunt.
882 2320 1018 2381 Suudena
1034 2330 1131 2381 autern

176 2407 252 2467 dixit
265 2409 319 2478 eis,
334 2409 476 2478 ‘Eamus‚
490 2418 520 2467 et
529 2429 705 2487 quaeremus,
716 2416 850 2488 petentes
862 2427 880 2466 a
891 2407 959 2466 Deo
970 2407 1133 2467 secundum

174 2493 206 2552 id
220 2493 302 2574 quod
315 2496 459 2573 promisit,
473 2493 588 2565 diceus,
604 2494 709 2554 Petite
726 2504 757 2553 et
769 2493 886 2552 dabitur
900 2493 997 2563 vobis,
1013 2493 1134 2571 quaerite

132 2596 164 2640 25
176 2587 207 2638 et
219 2580 384 2650 invenietis,
398 2579 515 2659 pulsate
529 2589 559 2640 et
573 2580 718 2659 aperietur
730 2580 827 2640 vohis.
868 2578 951 2638 Puto
965 2579 1042 2637 euim
1053 2578 1134 2658 quod

176 2665 287 2745 aliquid
307 2667 393 2725 uobis
415 2666 561 2724 Dominus
580 2665 743 2737 donaverit,
761 2665 801 2725 ad
819 2663 1028 2724 celebrandum
1044 2663 1133 2734 diem,

176 2751 205 2809 in
226 2772 286 2831 quo
302 2751 388 2830 Magi
402 2772 470 2811 cunr
489 2753 658 2811 muneribus
679 2751 875 2812 adoraverunt
888 2770 966 2820 eum,
981 2759 1012 2809 et
1029 2751 1056 2808 in
1074 2771 1135 2830 quo

176 2836 302 2917 Spiritus
321 2836 450 2897 Sanctus
471 2838 499 2896 iu
520 2839 618 2917 specie
638 2838 783 2898 columbae
797 2839 947 2918 baptizato
961 2837 988 2894 in
1004 2834 1134 2896 Jordane

177 2944 266 3003 super
282 2943 350 2982 eum
364 2922 531 2994 descendit,
545 2931 576 2982 et
596 2924 625 2982 in
647 2945 706 3002 quo
728 2944 836 3002 aquarn
857 2923 885 2981 in
906 2920 991 2980 Caua
1006 2921 1134 2981 Galileae

132 3025 164 3070 ao
176 3010 263 3069 vertit
289 3009 318 3067 iu
341 3010 454 3080 vinum,
482 3008 521 3068 ad
549 3008 780 3069 confirmandam
808 3008 898 3068 fidem
926 3007 1136 3087 discipulorum

178 3095 317 3155 suorum!

219 3187 232 3254 ξ
248 3186 297 3241 16.
319 3179 405 3241 Tune
419 3181 517 3259 itaque
531 3189 685 3259 surgentes
701 3181 842 3240 exierunt.
886 3179 942 3238 Ille
954 3186 1050 3238 autem
1061 3199 1135 3259 prae-

177 3265 289 3326 cedens
304 3287 367 3337 eos,
383 3267 469 3344 quasi
484 3268 651 3345 praeviator,
671 3287 766 3346 usque
784 3266 822 3324 ad
839 3285 918 3324 mare
932 3270 1135 3345 pervenerunt.

177 3353 220 3412 Et
246 3352 346 3411 statim
372 3352 506 3411 videntes
533 3361 591 3413 tres
620 3362 720 3431 partes
753 3352 884 3431 delphini
914 3352 1022 3421 caruis,
1051 3351 1137 3431 quasi

134 3439 306 3500 ashumana
334 3459 420 3498 uranu
446 3458 514 3498 cum
540 3439 661 3498 cultello
689 3446 789 3497 sectas
816 3446 847 3497 et
874 3458 952 3518 aqua
979 3436 1136 3497 mundatas

177 3526 358 3584 invenerunt.
399 3523 504 3584 Homo
522 3525 609 3603 igitur
624 3524 682 3582 Dei
700 3523 863 3604 provolutis
882 3525 1005 3602 genibus
1028 3524 1137 3601 gratias

214 3779 233 3810 ¹⁰
249 3777 369 3849 Danieli]
390 3783 457 3832 Dan.
470 3782 505 3831 vi.
519 3786 560 3832 22.
675 3783 733 3832 Life
753 3783 787 3844 by
809 3784 883 3832 Beda
904 3783 924 3830 it
942 3783 965 3831 is
986 3781 1139 3844 ‘Niduari,’

214 3850 233 3879 ¹²
250 3848 398 3920 Teatuutea]
418 3851 477 3902 Act.
491 3868 516 3901 v.
531 3857 552 3902 l.
675 3852 730 3919 (sce
742 3869 802 3914 cap.
815 3850 866 3918 xi.)
876 3853 1003 3913 probably
1016 3853 1137 3914 meaning

215 3921 234 3951 ¹⁴
249 3922 305 3972 Alio
329 3919 439 3991 quoquc]
479 3924 534 3974 vit.
566 3925 641 3973 Pros.
676 3925 796 3986 apeople
809 3924 936 3984 dwelling
953 3938 984 3971 un
997 3921 1041 3971 the
1053 3922 1137 3971 banus

179 3994 244 4093 Cap.
251 4007 312 4113 &rupi
319 3994 459 4132 latiatim]
467 3995 640 4114 &rarecort
677 3993 949 4116 pptpqqergvjqffith,
970 3992 1056 4042 which
1076 3992 1137 4042 falls

179 4136 272 4196 rupted
302 4080 479 4198 discingi-,stu
504 4136 545 4184 the
567 4151 641 4197 prose
885 4080 910 4127 y·
