2850 4890
259 350 324 414 ³10
630 365 842 414 areanum.

262 512 343 589 regni
358 511 415 579 sui,
428 509 596 569 Wiilelmus
607 530 660 569 rex
671 509 850 588 Anglorum‚
862 508 1021 590 quemdam
1033 507 1219 569 Rodbertum

263 597 379 655 nomine
391 595 508 666 Cumis,
523 596 640 675 populis
652 595 980 675 Northanhymbrorum
994 595 1134 654 comitem
1149 615 1219 673 pree-

263 681 343 740 iecit.
401 680 463 746 Qui
498 701 567 740 cum
599 683 789 761 septingentis
821 680 987 741 bominibus
1020 679 1219 740 Dunhelmum

264 767 385 826 veniens
407 774 437 824 et
453 767 562 847 ubique
579 786 630 845 per
644 765 750 827 domos
766 766 910 827 hostiliter
924 786 1029 844 egens,
1042 767 1164 825 occisus
1178 777 1222 824 est

265 852 305 913 ibi
320 871 387 910 cum
399 851 461 911 suis
477 852 611 911 omnibus
626 861 731 931 praeter
747 873 847 922 unum,
862 853 913 932 qui
932 851 1104 913 vulneratus
1118 851 1222 921 evasit,
1246 869 1259 910 5

266 937 368 1016 quinto
389 936 531 996 calendas
553 936 714 997 Februarii.
760 937 851 997 Unde
874 957 927 997 rex
949 937 1094 1009 offensus,
1116 936 1222 996 ducem

265 1021 434 1100 quemdam,
457 1023 507 1100 qui
531 1023 595 1100 ejus
623 1031 745 1082 mortem
773 1023 974 1091 ulcisceretur,
998 1041 1069 1081 cum
1092 1023 1222 1081 exercitu

266 1108 384 1168 direxit.
428 1106 506 1166 Cum
530 1115 625 1166 autern
648 1107 686 1167 ad
710 1108 904 1169 Alvertonam
926 1108 1088 1177 venissent,
1112 1110 1223 1186 etjam

267 1213 352 1252 mane
370 1191 463 1263 sacto,
481 1192 684 1252 Dunhelmum
704 1203 803 1254 essent
818 1193 986 1274 profecturi,
1001 1200 1085 1251 tanta
1105 1193 1223 1252 nebula·

269 1299 330 1339 rum
345 1277 476 1337 densitas
490 1285 555 1337 orta
568 1287 625 1348 est,
640 1287 673 1336 ut
686 1280 736 1338 vix
753 1300 821 1338 sese
836 1280 1004 1339 atterutrum
1021 1276 1135 1348 videre,
1149 1279 1224 1338 viam
1235 1293 1261 1338 ιο

268 1383 339 1422 vero
360 1363 488 1422 invenire
510 1363 589 1421 nullo
608 1363 697 1423 modo
717 1365 858 1425 valerent.
903 1363 1097 1442 Stupentibus
1123 1363 1181 1422 illis
1198 1372 1225 1421 et

268 1449 485 1508 conferentibus
499 1449 624 1507 invicem
639 1448 779 1528 quidnam
790 1449 932 1520 facerent,
946 1447 1042 1507 adfuit
1052 1449 1103 1527 qui
1120 1447 1228 1507 diceret

268 1534 400 1593 homines
418 1534 484 1594 ilios
506 1534 664 1612 quemdam
683 1535 711 1593 in
732 1556 787 1595 sua
802 1537 872 1596 urbe
892 1545 1027 1597 sanctum
1042 1533 1163 1603 habere,
1178 1535 1226 1613 qui

269 1620 311 1677 eis
326 1620 353 1677 in
370 1618 503 1679 adversis
517 1639 631 1697 semper
646 1629 794 1700 protector
810 1620 942 1691 adesset,
956 1639 1068 1698 eosque
1083 1639 1102 1678 a
1115 1620 1226 1677 nemine

270 1724 398 1784 unquam
425 1705 542 1783 impune
567 1705 635 1764 iaedi
657 1707 844 1786 permitteret.
890 1707 1008 1772 Quibus
1037 1705 1163 1776 auditis,
1190 1703 1265 1764 edm

271 1791 387 1869 propria
402 1791 509 1850 reversi
525 1798 602 1848 sunt.

313 1880 390 1948 §31.
421 1874 509 1953 Rege
531 1883 629 1933 autem
653 1874 805 1935 Witlelmo
829 1872 933 1933 eodem
956 1894 1033 1932 anno
1059 1875 1229 1934 Eboracum

271 1960 405 2018 veniente
433 1980 500 2018 cum
531 1962 662 2020 exercitu
691 1970 721 2020 et
745 1961 843 2019 omnia
867 1959 1060 2019 circumcirca
1081 1968 1229 2031 vastante,

270 2045 428 2124 episcopus
458 2045 631 2123 Egelwinus
659 2055 689 2104 et
715 2049 841 2124 majores
869 2054 951 2114 natu,
976 2044 1080 2103 habito
1106 2047 1231 2105 invicem

272 2130 406 2200 consilio,
429 2130 627 2210 incorruptum
650 2132 746 2190 sancti
764 2131 854 2210 patris
876 2150 995 2208 corpus,
1014 2131 1269 2210 septuagesimos)

272 2215 375 2293 quinto
391 2236 479 2286 anno,
495 2236 532 2276 ex
546 2237 607 2295 quo
621 2217 660 2275 ab
675 2215 831 2275 Halduine
846 2217 873 2274 in
891 2214 1091 2275 Dunhelmum
1107 2224 1155 2276 est
1169 2237 1231 2296 per-

273 2300 376 2370 latum,
405 2301 554 2370 toilentes,
583 2300 622 2360 ad
650 2300 917 2361 lindisfarnensem
946 2300 1104 2361 ecclesiam
1131 2301 1232 2381 fugere

273 2394 433 2465 coeperunt.
493 2386 534 2444 Et
560 2389 653 2466 prima
681 2386 800 2466 quidem
828 2394 915 2445 nocte
943 2387 972 2445 iu
1000 2387 1132 2446 ecclesia
1156 2388 1232 2447 beati

273 2471 365 2530 Pauli
379 2472 407 2529 in
424 2471 571 2550 Gyruum‚
588 2472 719 2532 secunda
740 2473 767 2532 in
787 2472 989 2541 Beciinthum,
1003 2473 1090 2531 tertia
1106 2472 1136 2531 in
1153 2472 1232 2550 Tug-

274 2557 343 2614 bata
365 2557 481 2626 mansit,
503 2568 607 2635 quarta
625 2557 673 2616 die
695 2557 733 2617 ad
755 2559 848 2637 ipsius
872 2557 977 2616 insulae
998 2556 1122 2628 aditum,
1145 2559 1271 2618 corni-25

274 2649 354 2700 tante
376 2642 454 2701 omni
479 2642 589 2721 populo
613 2645 689 2722 ejus,
715 2644 856 2722 pervenit.
902 2641 962 2701 Sed
987 2643 1125 2720 quoniam
1155 2645 1234 2702 circa

275 2746 431 2806 vesperam
444 2736 594 2799 venerant,
610 2749 669 2808 qua
683 2728 822 2788 videlicet
840 2728 925 2797 hora,
941 2727 1104 2787 secundum
1119 2737 1235 2808 tempus

276 2832 373 2881 suum,
389 2813 616 2892 circumquaque
632 2813 751 2894 plenum
772 2834 852 2874 mare
871 2823 944 2883 erat,
960 2814 1103 2893 episcopo
1124 2823 1156 2873 et
1175 2835 1234 2873 ma·

270 2897 388 2976 joribus
414 2898 580 2976 quibusque
605 2899 906 2976 congemiscentibus,
928 2919 964 2957 ne
985 2899 1095 2977 frigore
1119 2899 1234 2968 hiemis,

276 3002 343 3060 quae
369 2981 456 3041 solito
478 2984 609 3062 asperior
632 2985 791 3062 ingruerat,
813 2985 926 3066 parvuli
948 3004 1050 3042 omnes
1075 2994 1165 3044 nocte
1186 2984 1272 3045 illato

277 3067 520 3147 periclitarentur,
534 3078 598 3128 erat
611 3071 686 3128 enirn
698 3070 787 3150 paulo
801 3079 868 3130 aute
883 3069 997 3128 Natale
1009 3069 1143 3139 Domini,
1154 3089 1236 3141 ecce,

278 3154 376 3212 subito
390 3174 470 3212 mare
485 3155 599 3213 siccum
613 3156 656 3214 eis
672 3155 793 3226 aditum,
805 3156 856 3214 illo
869 3164 984 3214 tantum
999 3154 1067 3214 loco
1082 3154 1236 3225 recedens,

278 3239 419 3317 permisit,
432 3260 498 3298 cum
511 3241 741 3320 circumquaque
751 3241 953 3319 plenissimum
964 3239 1131 3300 fluctuaret.
1162 3239 1237 3300 Mox

278 3323 401 3400 ingressi
416 3344 519 3382 omnes
534 3325 603 3385 Deo
616 3334 645 3385 et
656 3326 828 3386 beatissimo
839 3326 1003 3386 confessori
1013 3324 1119 3384 laudes
1130 3325 1237 3385 decan·

278 3416 387 3478 tanteS,
417 3410 503 3468 siccis
533 3410 660 3489 pedibus
688 3431 755 3471 cum
785 3432 871 3471 sacro
903 3412 949 3477 sui
975 3412 1091 3490 patroni
1118 3426 1275 3491 corporeas

277 3493 381 3552 insutae
396 3493 478 3553 littus
495 3497 689 3575 attingebant.
735 3497 806 3563 Quo
821 3498 909 3556 etiam
926 3497 954 3555 in
972 3495 1055 3556 iacto
1071 3497 1162 3557 valde
1182 3497 1238 3555 hoo

321 3812 438 3870 6Quinto
456 3818 586 3880 colendos]
622 3820 741 3868 Secundo
808 3817 827 3846 ²²
845 3819 940 3878 Fugere
960 3813 1100 3885 coperiant]
1137 3820 1237 3881 Fugam

277 3884 399 3935 calendas
412 3889 438 3936 S,
451 3888 571 3937 Dunelm.
585 3904 624 3937 111.
638 3905 681 3950 xv,
696 3891 742 3937 but
774 3891 864 3937 ineunt
875 3890 903 3950 iij
923 3890 983 3937 idus
999 3890 1159 3952 Decembris,
1175 3891 1238 3938 feria

278 3956 303 4001 in
328 3957 371 4003 the
396 3958 467 4006 Hist.
492 3959 525 4006 de
548 3961 627 4018 gestis
651 3974 739 4020 regum
774 3966 858 4007 sexta.
896 3961 923 4008 S.
933 3960 1098 4008 Dunelm.ad
1109 3974 1152 4008 an.
1164 3965 1237 4023 1069,

278 4022 388 4085 Angtcr.
402 4028 435 4076 ad
455 4044 496 4078 an.
515 4033 588 4093 1069,
600 4031 633 4079 he
652 4045 741 4091 agrees
775 4031 823 4078 col.
838 4034 895 4078 199.

279 4096 342 4142 with
355 4097 399 4145 the
413 4103 475 4146 text.
811 4099 829 4127 ²⁴
841 4099 1011 4162 Bectintbum]
1025 4099 1197 4161 Betlingthun
1207 4099 1238 4166 ()
