2850 4890
279 369 378 418 nrsr.
395 368 711 418 rnnusunrronrs
725 370 758 418 s.
776 369 1009 418 ournuunrr.
1061 353 1126 418 297

170 513 314 592 probabili
345 510 579 581 commendatus,
615 511 744 571 omnium
778 511 922 570 electione
955 510 1125 570 cathedram
1146 519 1180 569 A.
1189 519 1222 568 D.
1232 520 1289 568 899.

169 599 370 679 episcopalem
380 598 511 679 suscepit
520 597 689 674 regendam.
733 597 795 663 Qui
808 616 915 674 magna
928 596 1125 656 sollicitudine

169 706 265 745 rerum
287 684 490 744 sufficientiam
514 681 580 741 Deo
600 703 700 742 coram
720 682 878 762 incorrupti
901 683 1033 762 corporis
1051 703 1125 762 prae·

169 772 265 830 sentia
291 770 440 830 servituris
467 768 636 848 providens,
665 789 739 848 quas
768 777 798 827 et
824 777 899 848 quot
922 768 1009 828 villas
1031 769 1125 847 ipsius

140 857 262 918 ssancti
297 856 424 936 pecunia
455 862 653 933 comparatas,
685 854 829 933 prioribus
862 874 964 932 regum
996 853 1125 913 donariis

168 941 321 1021 adjecerit,
335 941 470 1000 ecclesiae
490 939 613 1009 cartola,
631 960 698 1019 quae
714 939 863 1019 antiquam
883 960 983 1018 regum
1004 948 1034 998 et
1052 960 1126 1019 quo·

169 1047 292 1106 rumque
308 1026 507 1105 religiosorum
530 1024 757 1085 munificentiam
780 1045 851 1103 erga
872 1026 969 1104 ipsum
992 1034 1126 1084 sanctum

171 1114 312 1183 continet,
326 1112 480 1171 manifeste
494 1110 635 1170 declarat.
677 1109 787 1191 Itaque
801 1110 952 1170 Edwardo
963 1130 1021 1170 non
1031 1110 1127 1170 solum

171 1198 410 1259 occidentalium
426 1197 600 1267 Saxonum,
622 1196 827 1255 verumetiam
849 1195 1042 1255 Orientalium
1062 1196 1126 1254 An·

129 1285 297 1361 rugiorum,
321 1282 618 1342 Nortbanimbrorum
641 1301 758 1360 quoque
782 1301 873 1360 regna
895 1281 1078 1361 disponente,
1098 1289 1130 1340 et

171 1368 341 1429 Cutheardo
371 1369 571 1428 Berniciorum
600 1367 820 1427 administrante
848 1367 1047 1447 praesulatum,
1076 1387 1127 1426 rex

171 1454 292 1534 quidam
312 1474 446 1534 paganus
461 1453 608 1514 vocabulo
628 1451 819 1531 Reingwald,
834 1453 926 1512 multa
945 1472 1013 1512 oum
1032 1453 1129 1511 classe

171 1539 470 1599 Northauimbrorum
484 1539 615 1618 partibus
633 1538 784 1617 applicuit.
826 1537 897 1597 Nec
912 1558 1004 1609 mora,
1019 1539 1130 1617 irrupta

172 1625 323 1695 Eboraca,
352 1625 504 1704 indigenas
532 1643 666 1703 quosque
694 1622 829 1682 meliores
857 1623 905 1683 vel
932 1623 1053 1694 occidit,
1080 1623 1130 1682 vel

129 1727 161 1771 15
172 1718 257 1770 extra
285 1711 408 1790 patriam
435 1710 559 1788 fugavit.
603 1708 773 1788 Occupavit
798 1729 917 1789 quoque
947 1718 1038 1768 totam
1060 1728 1129 1768 mox

172 1804 279 1855 terram
312 1797 408 1856 sancti
439 1795 604 1864 cuthberti,
629 1794 775 1875 villasque
801 1795 895 1874 ipsius
923 1793 1040 1854 duobus
1069 1795 1130 1853 suis

172 1881 324 1951 militibus,
346 1901 470 1960 quorum
494 1901 568 1939 nnus
588 1879 691 1948 Scula,
714 1879 787 1939 alter
809 1880 977 1940 Onlafbald
999 1879 1130 1959 appella-

172 1967 270 2037 batur,
293 1966 450 2026 distribuit.
496 1966 615 2025 Horum
644 1964 747 2037 Scula,
776 1986 795 2024 a
821 1966 893 2024 villa
917 1986 984 2045 quae
1007 1976 1131 2025 vocatur

174 2051 289 2112 Iodene
324 2073 418 2133 usque
450 2052 618 2130 Bilingham
651 2052 771 2110 sortitus
804 2051 975 2122 dominium,
1006 2052 1130 2110 miseros

130 2153 163 2198 2⁰
174 2137 326 2216 indigenas
338 2136 477 2216 gravibus
486 2138 601 2197 tributis
614 2145 643 2196 et
652 2137 884 2196 intolerabilibus
896 2137 1008 2196 afflixit.
1039 2136 1131 2196 Unde

174 2244 269 2303 usque
282 2222 370 2282 hodie
386 2223 602 2292 Eboracenses,
618 2223 733 2301 quoties
749 2223 886 2281 tributum
900 2223 998 2300 regale
1017 2221 1132 2282 solvere

173 2316 328 2387 coguntur,
354 2308 382 2367 ei
406 2309 480 2387 parti
504 2317 588 2367 terrae
613 2308 710 2367 sancti
734 2307 900 2378 cuthberti,
926 2328 1015 2385 quam
1039 2307 1132 2367 Scula

174 2393 358 2474 possederat,
368 2394 396 2451 in
411 2394 608 2453 levamentum
623 2395 668 2452 sui
682 2392 822 2452 mulctam
837 2393 970 2472 pecuniae
984 2393 1132 2472 imponere

175 2481 315 2540 nituntur.
358 2478 480 2538 Scilicet
507 2479 602 2558 legem
629 2478 783 2557 deputent,
813 2477 893 2557 quod
921 2498 1055 2558 paganus
1081 2499 1133 2559 per

131 2581 162 2624 25
174 2566 359 2644 tyrannidem
377 2565 497 2635 fecerat,
512 2566 562 2644 qui
580 2584 638 2623 non
656 2565 787 2642 legitimo
805 2564 864 2642 regi
880 2563 1058 2642 Anglorum,
1078 2562 1133 2624 sed

174 2652 299 2710 barbaro
318 2659 349 2710 et
365 2650 546 2729 alienigenae,
561 2659 592 2709 et
606 2650 682 2728 regis
696 2648 863 2728 Anglorunr
877 2649 955 2709 hosti
969 2649 1130 2718 militabat;

174 2757 230 2796 nec
249 2744 346 2795 tamen
365 2736 500 2816 quamvis
519 2736 642 2795 multum
662 2737 691 2793 in
708 2735 766 2794 boo
784 2735 990 2805 laboraverint,
1011 2754 1133 2814 pravam

174 2821 418 2882 consuetudinem
442 2821 500 2880 huc
526 2841 632 2902 usque,
654 2830 758 2880 sancto
780 2820 943 2879 Cuthberto
967 2822 1132 2891 resistente,

173 2907 358 2967 introducere
379 2915 544 2986 potnerunt.
587 2906 690 2965 Aliam
706 2927 776 2966 vero
795 2916 906 2985 partem
920 2905 1055 2966 villarum
1070 2906 1133 2964 On-

131 3008 162 3052 3⁰
172 2992 287 3053 lafbald
302 2993 470 3072 occupavit,
482 2993 532 3072 qui
546 2992 638 3051 multo
649 3012 736 3071 quam
748 2994 847 3051 socius
859 2994 924 3071 ejus
935 2993 1133 3051 immaniorem

175 3089 206 3139 et
228 3077 421 3138 crudeliorem
444 3099 488 3147 se,
511 3079 540 3137 in
559 3078 605 3136 sui
623 3079 792 3158 perniciem,
810 3078 945 3137 omnibus
963 3077 1133 3137 exhibebat.

175 3164 325 3243 Denique,
341 3184 409 3223 cum
426 3165 526 3223 multis
546 3183 626 3242 saepe
644 3164 755 3242 injuriis
774 3164 958 3242 episcopum,
972 3183 1133 3242 congrege-

174 3251 295 3319 tionem,
311 3258 400 3330 atque
417 3250 558 3329 populum
580 3251 676 3308 sancti
697 3248 851 3308 Cuthberti
872 3249 1042 3308 molestaret
1060 3270 1133 3328 prae-

174 3334 282 3414 dinque
304 3334 342 3393 ad
366 3335 552 3415 episcopium
568 3335 637 3411 jure
662 3336 838 3414 pertinentia
859 3335 915 3394 sibi
938 3336 1134 3414 pertinaciter,

132 3437 162 3481 35
176 3427 340 3501 usurparet,
361 3421 521 3500 episcopus
539 3419 641 3479 volens
663 3440 728 3479 eum
752 3419 819 3479 Deo
839 3420 956 3492 lucrari,
975 3427 983 3454 ‘
1000 3421 1136 3491 Quaeso,'

174 3507 279 3585 inquit,
300 3507 482 3585 ‘pertinacis
504 3505 593 3566 animi
614 3506 739 3584 rigorem
761 3505 906 3586 deponas,
926 3514 956 3565 et
974 3506 1012 3565 ab
1032 3506 1136 3566 illicita

222 3799 233 3830 ⁶
260 3799 373 3849 Ecclesioe
413 3794 526 3868 canum]
591 3801 639 3849 See
673 3801 1135 3863 northosEnglandaboutthistime.

180 3867 365 3920 Hutchinson’s
382 3871 452 3921 Hist.
472 3870 501 3918 of
515 3870 641 3933 Durbam‚
674 3872 745 3932 They
767 3887 833 3920 were
862 3873 987 3934 probably
1019 3875 1062 3922 the
1079 3890 1136 3935 per·

179 3944 198 3992 i.
211 3947 254 3991 62.
675 3956 734 3990 sons
747 3943 892 3991 mentioned
905 3943 931 3991 in
947 3944 990 3993 the
1003 3947 1075 4006 text3
1092 3959 1136 3995 see

216 4009 235 4039 ¹²
251 4009 417 4072 Magum]
427 4010 454 4060 It
461 4025 571 4072 appears
579 4009 642 4060 from
676 4011 740 4078 §lt

180 4081 265 4132 Adam
274 4082 302 4131 of
308 4079 643 4146 Bremen(ii.15)thatAn-
712 4079 731 4110 ¹⁹
748 4082 833 4130 lodene
970 4079 1136 4152 Bilingham.]

179 4154 252 4216 laph,
261 4152 384 4214 Sigtriclr,
393 4153 444 4200 and
454 4152 592 4213 Reginold,
602 4151 644 4201 the
678 4152 751 4201 Eden
775 4153 826 4201 and
849 4152 1018 4218 Billingbam,
1043 4156 1070 4204 in
1094 4155 1137 4204 tbe

179 4239 239 4273 sons
261 4225 290 4273 of
312 4223 448 4286 Gundred,
470 4223 583 4285 ravaged
601 4222 644 4272 the
677 4227 769 4285 county
782 4224 810 4272 of
822 4224 946 4275 Durham.
