2850 4890
284 356 349 423 112
573 377 665 425 vrrs
682 377 712 426 s.
729 372 965 440 cuosnncrr,

111 538 261 591 amosa
283 537 319 594 et
340 532 453 614 ipsam
469 533 586 598 videre
606 541 710 618 atque
731 535 871 620 alloqui,
886 541 923 600 et
942 533 1126 599 ecclesiam
1145 533 1240 598 dedi·

283 650 362 697 care
386 633 542 713 deberet3
565 655 645 699 nam
670 642 706 700 et
728 635 808 718 ipsa
832 635 1008 719 possessio
1033 655 1103 700 non
1128 653 1239 718 pauco

284 731 487 798 famulorum
516 735 643 801 christi
672 736 831 800 examine
854 737 1018 820 pollebat.
1062 735 1133 800 Ubi
1158 737 1239 800 dum

282 834 368 901 hora
392 836 587 903 refectionis
613 840 657 903 ad
682 858 836 903 mensam
856 840 1104 917 consedissent,
1124 839 1239 904 subito

284 936 496 1004 Gudberctus
516 959 671 1004 aversam
694 959 716 1004 a
737 940 933 1004 carnalibus
955 940 1068 1023 epulis
1089 948 1238 1005 mentem
1263 960 1277 1002 r

283 1039 327 1103 ad
343 1040 514 1123 spiritalia
525 1041 789 1124 contemplanda
803 1041 955 1106 sustulit.
985 1040 1086 1106 Unde
1096 1043 1238 1106 lassatis

283 1142 327 1205 ab
356 1140 466 1206 officio
495 1161 558 1207 suo
585 1145 744 1207 membris
773 1143 939 1226 corporis,
964 1150 1098 1209 mutato
1124 1144 1237 1209 colore

280 1240 394 1319 faciei,
423 1249 459 1308 et
484 1244 584 1326 quasi
618 1246 776 1310 attonitis
808 1252 929 1310 contra
959 1265 1087 1310 morem
1118 1246 1237 1321 oculis,

281 1345 440 1409 cultellus
452 1365 600 1429 quoque,
612 1365 713 1429 quem
725 1349 874 1424 tenebat,
885 1348 1016 1413 decidit
1025 1348 1061 1411 in
1071 1367 1235 1412 mensam.

283 1443 385 1523 Quod
401 1445 481 1510 dum
499 1448 677 1531 presbyter
695 1448 781 1532 ejuS,
802 1448 862 1531 qui
883 1448 1046 1514 adstabat
1064 1456 1100 1513 et
1120 1449 1236 1513 minis-
1248 1467 1277 1512 ro

281 1550 408 1628 trabat,
430 1549 610 1630 aspiceret,
632 1549 818 1614 inclinatus
841 1550 884 1614 ad
910 1550 1125 1615 abbatissam
1146 1551 1237 1615 dixit

281 1650 428 1728 silentio,
443 1656 453 1685 ‘
468 1649 644 1732 Interroga
659 1650 859 1733 episcopum
879 1651 962 1733 quid
977 1651 1100 1741 viderit
1114 1652 1235 1733 modo;

280 1753 353 1816 scio
368 1751 459 1815 enim
474 1752 556 1834 quia
570 1771 640 1815 non
660 1753 734 1815 sine
756 1771 864 1816 causa
880 1771 1003 1816 manus
1025 1751 1099 1837 ejus
1115 1760 1235 1818 treme-

280 1851 375 1917 facta
389 1854 565 1917 cultellum
578 1853 738 1929 deseruit,
753 1853 940 1935 vultusque
954 1861 1107 1917 mutatur
1120 1854 1234 1934 illius3

280 1955 340 2017 sed
362 1954 448 2019 vidit
465 1954 596 2037 aliquid
615 1954 780 2037 spiritale,
800 1954 892 2036 quod
914 1973 978 2018 nos
1001 1956 1104 2019 ceteri
1122 1957 1234 2020 videre
1247 1976 1274 2018 rr

278 2076 347 2120 non
370 2056 562 2138 quivimus!
602 2054 731 2121 Atina
751 2056 868 2120 statim
891 2076 1057 2121 conversa
1078 2057 1122 2121 ad
1145 2077 1233 2134 eum,

279 2156 486 2236 ‘Obsecro'
513 2159 636 2240 inquit,
665 2157 832 2222 ‘domine
860 2157 906 2220 mi
935 2159 1107 2241 episcope,
1137 2158 1233 2223 dicas

278 2260 361 2343 quid
387 2261 513 2325 videris
538 2260 660 2340 modo;
694 2280 804 2343 neque
833 2260 924 2324 enim
948 2258 1075 2323 frustra
1099 2261 1234 2325 lassata

278 2369 339 2425 tua
350 2362 492 2426 dextera
507 2362 693 2439 cultellum,
707 2381 809 2443 quem
824 2362 973 2440 tenebat,
989 2360 1124 2426 amisit’
1163 2361 1233 2442 Qui

276 2463 490 2527 dissimulare
513 2471 657 2527 conatus
678 2463 807 2528 vidisse
830 2483 868 2528 se
891 2463 1068 2547 quippiam
1097 2465 1233 2542 secreti,
1242 2483 1272 2528 ao

271 2564 392 2649 jocose
411 2565 597 2648 respondit,
611 2569 622 2598 ‘
638 2563 730 2626 Num
749 2571 824 2628 tota
842 2564 897 2627 die
917 2564 1123 2629 manducare
1138 2566 1234 2630 vale·

276 2667 378 2731 bami
396 2666 470 2750 jam
486 2665 671 2748 aliquando
687 2665 861 2748 quiescere
876 2665 999 2730 debui.'
1034 2664 1101 2730 Illa
1116 2675 1232 2731 autem

275 2767 471 2850 diligentius
498 2767 678 2850 adjurante
704 2786 745 2830 ac
769 2765 958 2848 flagitante,
983 2772 1022 2829 ut
1043 2776 1232 2849 exponeret

274 2871 452 2947 visionem,
464 2876 475 2905 ‘
487 2869 589 2946 Vidi,'
601 2868 725 2951 inquit,
740 2869 911 2932 ‘animam
926 2867 1104 2950 cujusdam
1118 2871 1231 2934 sancti

274 2973 430 3035 manibus
450 2971 614 3052 angelicis
636 2971 679 3034 ad
700 2970 794 3052 regni
814 2969 967 3035 coelestis
984 2971 1109 3053 gaudia
1130 2970 1270 3036 ferri'rr

274 3072 409 3136 Rursus
428 3072 499 3150 illa,
513 3076 523 3107 ‘
538 3072 591 3135 De
605 3071 694 3154 qu0,'
708 3073 832 3156 inquit,
847 3074 946 3137 ‘loco
967 3073 1127 3137 adsumta
1144 3084 1199 3139 est
1206 3075 1230 3138 l’

273 3171 478 3255 Respondit,
495 3179 503 3207 ‘
519 3173 574 3235 De
594 3182 654 3237 tuo
673 3175 901 3239 monasterio?
943 3174 1081 3257 Adjecit
1104 3195 1230 3242 nomen

272 3273 449 3355 inquirere.
495 3273 540 3338 Et
554 3274 622 3352 ille,
635 3280 646 3309 ‘
659 3276 714 3339 Tu
729 3277 833 3353 mihi,’
846 3278 969 3361 inquit,
983 3276 1061 3342 ‘die
1076 3280 1228 3344 crastino

271 3377 396 3440 missas
423 3378 609 3442 celebranti
638 3398 761 3442 nomen
791 3379 866 3463 ejus
896 3379 1086 3444 indicabis?
1137 3379 1228 3447 Haec

270 3478 413 3542 audiens
435 3478 507 3556 illa,
527 3478 705 3543 confestim
725 3480 822 3544 misit
841 3481 884 3544 ad
903 3481 1015 3564 majus
1036 3501 1137 3544 snum
1156 3502 1270 3547 mo-so

269 3581 466 3658 nasterium,
477 3581 593 3646 videre
605 3582 665 3662 qui
676 3600 785 3664 nuper
798 3590 917 3665 raptus
933 3590 1026 3647 esset
1041 3603 1060 3648 e
1076 3602 1226 3667 corpore.

270 3681 319 3746 At
348 3682 494 3745 nuncius
524 3700 641 3746 omnes
669 3681 795 3746 ibidem
825 3684 943 3750 salvos
968 3685 1226 3768 incolumesque

268 3773 451 3866 reperiens,
465 3791 660 3866 postquam,
675 3803 775 3848 mane
790 3783 893 3862 fact0,
909 3786 1031 3850 reverti
1052 3787 1095 3849 ad
1117 3786 1227 3853 domi-

268 3904 346 3948 nam
363 3885 478 3966 coepit,
493 3884 613 3946 obvios
628 3883 748 3947 habuit
762 3903 832 3961 θοι,
847 3886 905 3966 qui
925 3904 1049 3967 corpus
1072 3887 1223 3954 defuncti

268 3984 383 4050 fratris
410 3985 642 4068 sepeliendum
669 3985 705 4047 in
729 4004 826 4049 carro
847 3984 1026 4050 deferrent.
1073 3987 1223 4055 Interro-
1236 4012 1265 4056 ss

267 4107 419 4169 gansque
432 4086 725 4171 quiesset,didicit
734 4086 818 4169 quia
830 4089 1016 4170 quidamde
1024 4093 1222 4173 pastoribus
