2850 4890
473 342 653 401 sacrorn
672 355 759 402 vnn.
779 355 890 402 anon.
936 368 938 372 ·
1115 341 1159 405 73

199 507 269 572 ‘Et
297 508 372 572 haec
398 509 496 595 ipsa,'
522 509 645 593 inquit,
674 516 833 576 ‘mecum
862 514 969 579 tacito
996 516 1032 577 in
1056 515 1158 579 corde
1179 529 1212 585 A.
1222 533 1254 583 1).
1263 537 1322 583 ool.

200 611 365 692 tractavi3
389 612 472 695 quia
496 632 559 676 nec
586 613 748 677 viaticum
772 614 853 678 ituri
877 616 1016 680 tulimus
1042 618 1159 680 nobis-

199 731 288 790 cum,
312 732 423 795 neque
452 713 601 796 aliquem
623 714 659 776 in
686 715 805 778 itinere
833 724 952 779 notum
981 717 1158 796 habemus,

198 814 340 896 quinos
363 834 427 877 suo
447 815 597 896 recipere
614 814 696 878 velit
715 815 876 896 hospitio,
892 824 927 880 et
946 836 1015 880 non
1035 837 1157 900 parum

168 914 308 978 aadhuo
328 914 459 981 itineris
482 921 651 998 superest,
666 916 757 998 quod
773 915 884 1000 jejuni
904 918 977 980 sine
998 918 1158 983 molestia

197 1017 366 1098 complere
381 1017 583 1100 nequimus!
627 1016 693 1080 Cui
707 1018 759 1082 vir
773 1018 852 1095 Dei,
867 1023 877 1052 ‘
892 1018 1019 1097 Disce,'
1033 1020 1156 1102 inquit,

196 1118 336 1196 ‘filiole,
354 1118 456 1183 fidem
477 1138 612 1200 semper
626 1126 661 1182 et
680 1138 776 1202 spem
795 1120 919 1185 habere
939 1121 975 1184 in
995 1121 1156 1198 Domino,

197 1218 281 1301 quia
293 1239 468 1302 nunquam
483 1218 574 1283 fame
588 1219 688 1302 perit,
703 1220 763 1302 qui
780 1221 856 1286 Deo
870 1222 1015 1287 fideliter
1030 1223 1155 1287 servit.'

197 1319 243 1383 Et
263 1327 446 1402 aspectans
467 1340 612 1399 sursum,
632 1321 821 1404 vidensque
845 1322 997 1404 aquilam
1020 1325 1057 1387 in
1083 1323 1154 1387 alto

150 1439 184 1483 10
195 1421 381 1498 volantem,
405 1420 571 1500 ‘Cernis'
594 1421 716 1504 inquit,
737 1424 915 1505 ‘aquilam
934 1425 1030 1488 illam
1053 1444 1155 1506 porro

195 1522 391 1585 volantem?
431 1521 546 1586 Etiam
560 1542 621 1605 per
634 1522 735 1606 hujus
750 1524 973 1588 ministerium
988 1525 1154 1607 possibile

194 1630 250 1686 est
274 1623 423 1687 Domino
446 1643 510 1686 nos
534 1622 635 1687 hodie
663 1624 820 1688 reficere?
863 1626 966 1690 Talia
991 1627 1153 1692 confabu-

193 1724 307 1788 lantes
337 1725 484 1806 agebant
511 1725 577 1788 iter
599 1724 705 1808 juxta
734 1726 875 1790 fiuvium
904 1728 1085 1808 quendam,
1118 1737 1154 1793 et

193 1826 285 1903 ecce,
311 1826 425 1889 subito
451 1825 567 1889 vident
596 1826 747 1909 aquilam
776 1828 811 1890 in
837 1827 913 1909 ripa
936 1829 1151 1907 residentem,

150 1944 181 1988 rs
193 1925 352 2009 dixitque
366 1927 417 1991 vir
431 1926 509 2004 Dei,
523 1925 653 1990 ‘Vides
668 1926 725 1990 ubi
737 1935 866 2006 nostra,
880 1948 983 2011 quam
994 1931 1151 2012 praedixi,

192 2028 348 2092 ministra
364 2027 514 2091 residet?
560 2027 664 2091 Curre
684 2046 775 2109 rogo,
790 2035 824 2092 et
844 2029 926 2112 quid
948 2031 1047 2094 nobis
1067 2050 1150 2114 epu-

191 2129 313 2207 larum,
327 2129 475 2193 Domino
490 2129 657 2207 mittente,
672 2129 836 2206 attulerit,
850 2131 981 2213 inspice
997 2139 1032 2195 et
1045 2133 1149 2197 citius

193 2229 308 2295 adfer?
346 2229 415 2309 Qui
430 2249 593 2294 accurens
610 2230 727 2294 attulit
741 2230 870 2312 piscem
885 2251 954 2295 non
968 2233 1148 2312 modicum,

190 2352 293 2414 quem
322 2331 383 2396 illa
410 2352 520 2415 nuper
548 2332 590 2397 de
620 2333 726 2397 fluvio
754 2332 983 2414 prendiderat.
1028 2332 1077 2397 At
1097 2336 1149 2399 vir

146 2452 179 2496 no
191 2432 269 2508 Dei,
284 2439 294 2468 ‘
310 2432 423 2512 Quid:
437 2433 561 2515 inquit,
575 2438 586 2467 ‘
599 2433 722 2508 fecisti,
737 2433 808 2496 filil
853 2433 969 2513 Quare
982 2435 1147 2508 ministrae

187 2547 291 2599 ‘suam
312 2543 445 2617 partem
469 2555 538 2598 non
565 2533 713 2597 dedistil
758 2533 846 2598 Seoa
866 2534 969 2599 citius
987 2536 1148 2614 medium,

189 2642 225 2699 et
248 2635 300 2699 illi
322 2643 465 2718 partem,
491 2655 594 2719 quam
622 2635 720 2699 nobis
743 2637 968 2700 ministrando
990 2646 1147 2714 meretur,

188 2735 343 2800 remitte?
386 2737 485 2801 Fecit
499 2744 537 2800 ut
545 2737 710 2820 jusserat,
724 2738 870 2819 tulitque
885 2757 1001 2801 secum
1015 2745 1146 2818 partem

187 2837 366 2920 reliquam.
416 2838 486 2902 Ubi
505 2846 640 2920 tempus
660 2839 833 2902 reficiendi
851 2838 981 2915 aderat,
1001 2838 1146 2904 diverte-

143 2957 175 3001 25
187 2945 268 3002 runt
294 2939 337 3002 ad
361 2940 555 3021 proximum
576 2940 699 3018 vicum,
725 2947 760 3004 et
783 2939 865 3002 dato
892 2940 935 3002 ad
958 2939 1146 3003 assandum

187 3039 366 3122 pisciculo,
393 3058 430 3104 se
459 3040 587 3122 pariter
611 3047 646 3102 et
673 3060 745 3116 eos,
771 3040 815 3103 ad
843 3060 930 3123 quos
960 3041 1146 3119 intrabant,

186 3140 380 3222 gratissimo
403 3141 601 3214 reficiebant
624 3141 793 3218 convivio,
818 3141 1027 3222 praedicante
1054 3142 1145 3206 Gud-

185 3243 302 3306 bercto
322 3241 474 3306 Verbum
502 3242 580 3319 Dei,
606 3248 710 3324 atque
734 3241 809 3324 ejus
831 3242 999 3305 beneficia
1018 3243 1145 3307 collau-

186 3343 312 3424 dante3
335 3351 370 3407 et
385 3345 467 3427 quia
480 3346 602 3408 beatus
617 3345 671 3408 vir
685 3344 782 3426 cujus
798 3350 851 3407 est
865 3363 988 3407 nomen
1006 3344 1144 3407 Domini

141 3465 173 3508 ao
187 3438 268 3528 spes
278 3446 364 3528 ejus,
376 3453 411 3510 et
420 3465 490 3508 non
502 3444 655 3525 respexit
666 3444 700 3506 in
713 3444 885 3507 vanitates
897 3446 977 3507 etin
989 3444 1145 3509 insanias

184 3547 303 3611 falsas.
345 3545 398 3610 Ac
419 3547 469 3611 sic
487 3553 636 3609 resumto
654 3545 772 3609 itinere
795 3544 839 3609 ad
863 3546 1053 3609 docendum
1074 3565 1146 3624 eoS,

185 3667 274 3730 quos
289 3667 507 3730 proposuere,
523 3646 667 3728 profecti
682 3653 773 3709 sunt.
