2850 4890
463 367 630 421 Auouonn
654 368 737 414 vnn.
762 367 866 414 anon.
1102 355 1146 419 25

193 522 304 589 Credo
321 525 418 590 brevi
435 526 543 604 laxet,
559 533 736 591 transacto
754 533 789 590 et
807 525 895 590 forte
913 525 1059 589 duorum

192 623 373 690 curriculo
388 645 555 690 annorum
571 628 743 705 absolvar,
754 646 959 709 rursumque
973 627 1143 692 adamatis

192 723 358 789 Gaudens
375 728 517 791 secretis
534 727 668 792 reddar.
709 728 777 792 Sed
789 735 827 791 tu
838 736 1142 810 quoquenostrum

191 823 361 890 Aelffleda
377 828 586 910 colloquium
603 847 726 911 perpes
743 828 886 891 reticere
903 836 1086 906 memento,

161 923 366 991 sAbsolvar
382 928 491 992 donec
508 929 631 993 vinclis
649 931 685 992 et
700 947 837 992 carcerc
854 927 992 992 carnis!

243 1026 319 1091 Nec
330 1046 439 1105 mora,
450 1028 621 1111 veriloqui
632 1029 847 1111 complentur
858 1028 894 1091 in
903 1027 1022 1092 ordine
1030 1029 1140 1110 dicta;

191 1126 357 1192 Ecclesiae
371 1128 493 1213 jussis,
511 1131 682 1212 precibus,
700 1128 919 1211 lacrimisque
938 1137 1091 1206 coactus,

192 1226 295 1292 Vatis
313 1236 349 1292 et
365 1229 440 1313 ipse
456 1249 563 1311 genas
579 1231 676 1294 luctu
693 1230 854 1313 perfusus
872 1248 990 1293 amaro

191 1328 361 1392 Dulcibus
380 1329 576 1394 extrahitur
592 1331 746 1408 latebris
758 1331 964 1412 populisque
981 1330 1141 1412 regendis

147 1446 177 1491 ro
191 1426 398 1507 Praeficitur,
416 1430 530 1494 modio
547 1431 656 1494 lateat
673 1452 716 1494 ne
733 1438 827 1495 tecta
842 1431 1003 1510 lucerna;

191 1527 258 1592 Sed
271 1530 378 1614 jubar
394 1531 594 1595 alticomum
612 1532 754 1596 Domini
771 1530 940 1594 diffundat
954 1531 990 1593 in
1008 1530 1128 1595 aedem.

191 1628 382 1694 Ecclesiam
397 1632 534 1713 gemino
553 1632 611 1714 qui
630 1633 723 1696 rexit
736 1632 918 1714 episcopus
936 1650 1040 1708 anno,

189 1729 238 1794 Et
253 1732 375 1812 priscis
393 1733 594 1814 properavit
608 1752 717 1797 ovans
731 1752 768 1795 se
784 1731 927 1794 reddere
941 1731 1071 1796 lustris,

192 1829 310 1912 thue
327 1832 512 1896 satisfieret
526 1833 617 1897 vatis
634 1854 696 1917 per
713 1833 851 1914 singula
868 1831 981 1909 dictis,

146 1940 176 1985 1⁵
191 1929 250 1995 Sol
267 1921 437 2014 magnum
449 1933 604 2016 explevit
618 1934 729 1997 solitis
740 1935 804 1998 sub
816 1933 989 1996 mensibus
999 1951 1140 2012 annum,

191 2029 369 2096 Pictorum
386 2033 512 2097 infesto
529 2032 611 2097 dum
628 2034 777 2099 concidit
794 2032 979 2114 Ecgfridus
997 2053 1089 2112 ense,

163 2216 168 2223 ἰ
191 2130 238 2195 Et
254 2132 381 2197 nothus
399 2135 435 2197 in
451 2134 550 2215 regni
568 2133 675 2197 frater
691 2135 857 2198 successit
875 2133 1051 2211 honorem,

138 2312 142 2318 ἢ
190 2231 387 2297 Scottorum
404 2235 464 2316 qui
482 2240 556 2296 tum
573 2242 732 2298 versatus
749 2235 785 2297 in
803 2234 917 2297 incola
934 2234 1034 2297 terris

190 2329 526 2398 Coelestem'intento
544 2335 700 2418 spirabat
716 2335 818 2398 corde
836 2333 1003 2417 sophiam.

145 2449 177 2494 no
190 2432 283 2496 Nam
300 2435 424 2517 patriae
441 2434 527 2498 fines
544 2442 580 2499 et
597 2435 712 2498 dulcia
728 2436 879 2518 liquerat
895 2454 981 2499 arva

189 2532 349 2611 Sedulus,
367 2542 407 2598 ut
422 2536 564 2599 Domini
581 2538 747 2620 mysteria
763 2536 911 2599 disceret
925 2535 1038 2598 exsul.

190 2632 309 2718 Hujus
324 2655 415 2698 nunc
433 2635 540 2718 Tyrio
558 2636 754 2700 venerabile
771 2637 898 2719 pignus
916 2637 952 2698 in
968 2641 1075 2711 ostro,

188 2733 212 2798 J
215 2754 276 2797 ure
290 2736 391 2799 datas
409 2737 523 2819 patrio
540 2738 668 2819 sceptri
682 2737 758 2821 jam
776 2742 903 2800 tractat
919 2734 1081 2798 habenas.
1137 2787 1141 2796 .

189 2834 308 2917 thue
323 2856 434 2901 novus
450 2836 473 2900 J
476 2837 551 2900 osia
567 2835 703 2920 fideque
715 2837 898 2918 animoque
909 2836 1021 2916 magis
1034 2854 1139 2918 quam

144 2951 175 2996 25
188 2933 300 3000 Annis
317 2945 487 3025 maturus,
505 2945 662 3001 nostrum
678 2938 769 3020 regit
786 2938 926 3000 inclitus
945 2937 1074 3000 orbem.

499 3187 665 3253 CAPUT
690 3187 828 3252 XXII.

235 3365 388 3437 Quomodo
403 3361 435 3427 io
451 3362 626 3447 episcopatu
642 3361 848 3424 monachicam
868 3380 929 3420 non
945 3357 1095 3442 relinquit

609 3474 714 3524 ortam.

239 3639 343 3703 Euco
361 3640 551 3704 sacerdotis
570 3638 695 3701 summi
713 3637 855 3719 fastigia
872 3643 1008 3711 nactuS,

143 3753 174 3798 ao
189 3738 322 3817 Mente,
339 3761 445 3804 manu
461 3740 573 3822 fulget
590 3738 815 3816 CutberhtuS,
834 3745 869 3801 et
885 3756 944 3800 ore
962 3753 1139 3810 coruscuS,

223 4016 243 4049 ¹⁶
254 4017 403 4080 Pictorum]
420 4017 472 4066 The
481 4014 644 4064 word‘Doe-
714 4009 833 4062 26(ἷΑΡυτ
854 4012 957 4074 ΧΧΙΙ.]
989 4011 1041 4059 Vit.
1065 4010 1138 4057 Pros.

187 4090 250 4140 mel'
273 4091 295 4138 is
314 4089 415 4138 written
434 4102 462 4136 as
482 4102 498 4134 a
517 4087 585 4148 gloss
602 4086 645 4134 be·
682 4083 831 4145 Gapxxvr.

186 4166 269 4211 tweon
280 4161 287 4189 ‘
301 4159 444 4209 Pictorum'
455 4158 506 4207 and
517 4163 524 4184 ⁴
536 4156 645 4205 nothus!
