2850 4890
264 340 330 406 326
640 352 857 402 nrrsunrx.

265 513 365 567 essent
385 503 547 575 referenda,
569 501 746 564 sufficienter
765 524 802 564 ea
819 524 887 584 quae
905 511 988 564 tanto
1005 503 1102 563 itineri
1124 510 1224 564 esseut

266 592 434 654 necessaria
460 591 639 671 procuravit.
689 589 749 650 Sed
773 590 855 670 quod
883 591 947 669 ipse
972 610 1040 650 cum
1069 589 1115 648 bis
1144 599 1223 649 esset

266 678 359 737 iturus
374 678 508 736 consulte
525 676 564 736 ad
582 684 699 755 tempus
717 676 837 747 celavit,
857 696 906 746 ne,
920 675 1070 745 videlicet,
1087 676 1112 735 si
1125 675 1222 754 palam

266 764 435 841 vulgaretur
444 761 526 842 quod
536 763 794 843 proposuerat,vel
809 761 1021 842 prohiberetur,
1032 761 1082 823 vel
1096 761 1223 820 retarda-

266 860 345 908 retur
359 849 397 907 ab
411 849 526 918 amieis,
539 847 588 908 vel
605 857 684 907 certe
700 868 719 906 a
736 848 867 927 pluribus
882 848 910 907 ei
923 847 1050 928 pecunia
1062 846 1223 924 largiretur,
1248 863 1261 906 t

267 955 343 1015 quos
355 936 419 1015 ipse
431 932 631 992 remunerandi
643 952 697 992 nec
710 935 837 1012 spatium
849 952 903 992 uec
912 932 1085 992 facultatem
1096 933 1223 992 baberet

268 1020 362 1080 Hauc
384 1020 489 1078 etenim
506 1039 621 1099 semper
638 1020 767 1079 habebat
785 1018 1028 1079 consuetudinem
1042 1019 1133 1078 animi
1153 1019 1223 1098 dap

268 1106 342 1175 silis,
365 1113 398 1164 ut
418 1104 532 1185 siquid
553 1106 580 1163 ei
601 1106 729 1164 muneris
750 1107 789 1165 ab
810 1104 910 1185 aliqua
928 1105 991 1165 sive
1010 1105 1155 1182 majorum
1173 1125 1223 1163 seu

267 1193 409 1251 minorum
427 1210 616 1270 personarum
637 1190 766 1261 daretur,
785 1210 971 1271 nequaquam
987 1190 1224 1250 irremuneratum

267 1277 435 1347 dimitteret,
461 1276 514 1336 sed
539 1276 673 1357 ampliori
694 1277 804 1356 saepius
829 1277 996 1355 largitorem
1019 1296 1108 1336 suum
1132 1277 1261 1354 pedale

267 1362 400 1423 donaret.

311 1454 387 1522 §aa
411 1446 507 1525 Igitur
516 1446 652 1505 omuibus
663 1449 772 1527 paratis
786 1457 817 1507 et
826 1447 874 1506 die
884 1445 1076 1529 profectionis
1089 1447 1226 1517 instante,

268 1533 447 1594 convocavit
467 1535 496 1592 iu
518 1531 677 1592 eeclesiam
696 1533 802 1593 fratres
825 1535 876 1613 qui
896 1540 980 1592 erant
1000 1533 1030 1591 in
1050 1532 1226 1592 monasterio

268 1620 348 1678 beati
369 1619 466 1689 Petri,
489 1626 519 1677 et
543 1638 610 1697 quae
631 1619 800 1699 disponeret
821 1618 934 1699 pandit.
980 1618 1109 1678 Flebant
1125 1637 1225 1677 omnes

268 1716 387 1764 ruentes
411 1705 440 1765 iu
463 1702 581 1773 faciem,
605 1704 757 1785 pedesque
785 1705 864 1764 illius
893 1703 1129 1784 apprehendunt,
1154 1703 1261 1763 fusislt

268 1790 396 1850 lacrimis
418 1790 576 1850 obsecrant
590 1809 627 1848 ue
644 1799 705 1849 tam
721 1793 890 1871 repentinus
910 1789 1096 1859 abscederet,
1112 1788 1166 1849 sed
1180 1789 1227 1849 vel

269 1896 329 1935 una
353 1874 402 1934 die
426 1874 504 1956 apud
530 1896 583 1934 eos
609 1877 788 1936 substiteret.
839 1876 1004 1955 Aequievit
1030 1876 1227 1954 precantibus,

269 1961 436 2039 mansitque
457 1960 537 2041 apud
559 1981 612 2020 eos
634 1960 683 2021 die
700 1962 750 2021 illa
768 1971 798 2021 et
817 1972 915 2032 nocte,
932 1963 1009 2037 (erat
1025 1970 1125 2021 autem
1143 1961 1228 2021 tertia

269 2046 343 2105 feria
355 2056 423 2105 ante
438 2046 627 2107 Dominieam
642 2047 721 2106 diem
735 2047 963 2122 Pentecosten,)
977 2055 1008 2105 et
1025 2066 1123 2117 mane,
1139 2047 1228 2105 comi-

270 2132 399 2191 tantibus
428 2132 572 2212 plurimis,
602 2132 751 2211 proiectus
780 2142 826 2192 est
855 2133 894 2192 ad
924 2132 1030 2192 fratres
1057 2133 1174 2212 positos
1202 2133 1228 2190 in
1237 2147 1264 2192 uu

270 2217 450 2277 monasterio
471 2219 551 2277 beati
571 2217 673 2289 Pauli,
695 2218 873 2298 locutusque
891 2238 960 2277 cum
981 2218 1036 2288 eis,
1059 2219 1131 2297 quia
1150 2218 1229 2278 abire

265 2306 330 2384 jam
345 2303 541 2383 disposuisset
554 2302 708 2374 indicavit,
723 2314 754 2364 et
770 2305 839 2373 illis,
854 2304 977 2363 multum
995 2304 1180 2382 plorantibus
1194 2324 1230 2362 ac

271 2389 309 2448 de
328 2389 425 2449 subito
446 2392 511 2468 ejus
528 2389 655 2449 decessu
673 2391 809 2460 turbatis,
823 2391 926 2449 leniter
946 2409 982 2449 ac
996 2388 1108 2450 blande
1122 2389 1230 2449 affatus

271 2476 424 2534 universos
447 2475 563 2552 rogavit
586 2483 619 2534 ut
638 2475 770 2554 regulam
794 2496 884 2556 quam
904 2475 1047 2535 docuerat
1071 2482 1229 2545 servarent,

271 2561 299 2618 in
318 2561 421 2618 timore
438 2560 559 2619 Domini
574 2570 785 2641 permanerent,
800 2582 896 2641 neque
911 2562 965 2620 iter
986 2560 1066 2641 quod
1089 2581 1227 2641 proposu-
1240 2577 1266 2622 25

268 2655 335 2705 ‘erat
357 2645 418 2704 suis
439 2647 576 2726 precibus
602 2644 779 2727 fletibusque
801 2647 985 2727 impedirent,
1010 2656 1041 2706 et
1064 2647 1092 2705 ei
1113 2647 1138 2706 si
1160 2646 1231 2726 quid

271 2731 510 2810 intemperantius
527 2734 612 2810 justo
634 2733 746 2810 egisset
765 2734 881 2793 veniam
899 2732 1012 2802 darent,
1032 2732 1104 2811 quia
1120 2741 1150 2792 et
1167 2734 1230 2812 ipse

272 2819 387 2875 cunctis
413 2818 463 2896 qui
487 2837 519 2876 se
541 2818 569 2876 in
592 2816 693 2897 aliquo
713 2818 898 2879 offenderant
914 2820 979 2896 jam
998 2825 1061 2876 toto
1082 2838 1121 2877 ex
1140 2817 1229 2878 corde

272 2902 432 2972 demiserit,
449 2901 668 2982 Dominamque
683 2906 818 2965 omnibus
830 2904 979 2984 placatum
993 2923 1060 2962 esse
1072 2911 1103 2962 et
1116 2913 1187 2963 tuuc
1202 2911 1232 2963 et

273 3008 388 3067 semper
403 2990 559 3068 optaverit.
995 3059 1000 3066 ι
1071 3054 1073 3058 ,
1240 3004 1268 3050 tt

315 3079 393 3147 524.
425 3073 497 3133 Non
520 3083 618 3134 autem
640 3095 742 3154 parurn
764 3073 813 3134 diu
839 3074 1036 3135 obnitentibus
1061 3073 1182 3134 tandem
1202 3085 1232 3134 et

272 3159 337 3237 ipse
352 3160 475 3219 multum
497 3159 653 3220 lacrimans
668 3161 792 3220 obtinuit
805 3169 951 3240 quatenus
967 3161 995 3220 ei
1008 3180 1075 3219 cum
1090 3160 1231 3220 benedic-

273 3245 353 3302 tione
369 3254 398 3303 et
414 3247 507 3323 gratia
524 3245 641 3305 decenti
657 3245 757 3306 viandi
772 3246 919 3305 licentiam
938 3245 1051 3319 darent,
1069 3247 1232 3325 precaban-

273 3339 378 3408 turque
393 3331 501 3390 obnixe
518 3340 551 3390 ut
566 3333 591 3390 si
610 3332 648 3391 ad
666 3334 819 3392 beatorum
835 3332 1049 3412 Apostolorum
1063 3331 1232 3392 locassem

273 3415 448 3493 perveniret,
463 3419 572 3476 crebris
587 3419 682 3477 cosin
696 3419 832 3497 precibus
848 3418 977 3478 Domino
992 3418 1213 3478 commendaret
1223 3439 1231 3487 3
1243 3433 1269 3478 st

274 3501 299 3558 si
321 3509 409 3559 antea
426 3504 572 3572 transiret,
593 3525 647 3584 pro
665 3523 764 3563 eorum
785 3524 901 3583 semper
922 3503 1124 3564 incolumitate
1145 3505 1232 3564 inter-

274 3585 381 3644 cedere
396 3588 585 3649 meminisset.

121 3693 207 3732 rsarran
223 3706 245 3732 e·
317 3677 392 3746 §25.
424 3673 584 3732 Profectus
605 3683 651 3733 est
674 3673 723 3732 die
747 3673 863 3743 eodem,
886 3673 948 3733 sive
969 3673 1117 3733 desiderio
1135 3674 1233 3734 viandi

98 3754 165 3834 ''22¹¹ss
180 3758 254 3836 {2¹12
274 3777 419 3816 aecensus
438 3780 491 3816 seu
514 3760 673 3837 lugentium
696 3759 813 3819 fratrum
839 3759 929 3818 taedio
952 3760 1135 3839 compulsus,
1158 3781 1233 3840 prae·

273 3844 385 3921 cipiens
408 3853 441 3902 ut
463 3866 530 3903 cum
552 3866 613 3904 soae
637 3845 731 3921 gratia
752 3844 976 3915 benedictionis,
988 3847 1079 3923 juxta
1102 3847 1271 3923 regulamus

273 3931 367 3988 sancti
389 3931 479 4008 patris
496 3930 651 3989 Benedicti
665 3940 695 3989 et
709 3932 754 3990 sui
770 3940 881 3990 statuta
900 3932 1054 4011 privilegii,
1071 3951 1232 4010 quemcum

272 4034 329 4091 que
339 4013 376 4072 de
386 4015 447 4072 suis
459 4015 619 4092 digniorem
628 4026 774 4095 putarent,
784 4019 922 4077 abbatem
934 4019 989 4076 sibi
1001 4018 1231 4078 constituissent.

273 4098 467 4178 Rediensque
483 4101 521 4160 ad
537 4103 743 4163 monasterium
758 4103 836 4163 beati
851 4103 937 4163 Petri
952 4123 1022 4163 mox
1037 4123 1124 4163 mane
1137 4103 1230 4174 facto,
