2850 4890
474 387 644 436 nuoroaa
666 390 749 437 vnn.
775 390 881 437 anna.
1109 373 1154 439 29

202 545 413 630 Ingeminat,
432 565 523 608 nunc
546 565 631 610 arva
651 554 801 611 tremens
818 566 909 609 nunc
927 547 1058 611 aethera
1080 568 1154 612 cer-

351 665 449 710 nens.

202 747 382 824 ‘Forsan’
401 747 463 824 ait,
481 751 619 811 ‘noster
635 745 792 812 confecto
808 749 909 812 miles
927 767 1038 830 agone

203 846 355 910 Sortitur
371 847 523 912 Domino
541 847 716 911 decretum
730 847 849 932 judice
866 848 993 912 finem!

174 960 190 1005 5
205 945 349 1010 Planius
365 947 456 1011 hunc
474 949 629 1030 rogitant
646 955 808 1011 eventum
825 948 938 1012 dicere
956 969 1095 1033 pugnae,

202 1044 336 1129 Agnita
352 1049 412 1131 qui
428 1048 534 1111 dubia
550 1048 600 1111 sic
617 1047 707 1111 celat
724 1068 809 1112 voce
830 1049 971 1131 pericla.

204 1145 376 1225 ‘Gemite
394 1147 504 1225 filioli,
522 1167 633 1212 novus
651 1154 691 1211 ut
708 1155 831 1231 stupor
848 1169 930 1213 aera
947 1151 1074 1214 turbet.

205 1247 298 1312 Nam
315 1248 457 1319 Domini
475 1255 609 1312 secreta
626 1248 736 1312 latent
753 1268 891 1326 arcana,
909 1269 972 1313 nec
990 1250 1083 1314 ullus

204 1346 338 1412 Sufficit
355 1347 534 1412 altithroni
552 1348 702 1429 vestigia
719 1348 886 1430 prendere
904 1349 1039 1432 Regis!

159 1456 192 1500 1⁰
256 1447 338 1512 Non
355 1448 457 1511 multi
471 1447 605 1511 fluxere
621 1447 707 1525 dies,
725 1468 803 1512 cum
820 1448 897 1512 dira
913 1448 1096 1514 nefandam

207 1547 317 1611 Fama
333 1568 451 1612 necem
469 1555 608 1612 caneret
625 1548 736 1631 plebis
753 1550 974 1632 procerisque
992 1552 1056 1613 sub
1073 1551 1134 1615 illa

207 1647 409 1712 Confectum
425 1668 574 1711 moerens
591 1667 661 1731 qua
679 1649 770 1712 vatis
788 1648 927 1713 dixerat
943 1648 1041 1727 hora,

206 1745 397 1812 Absentem
414 1767 559 1812 cernens
576 1767 680 1831 quarn
698 1756 855 1812 creverat
872 1756 952 1812 ante
969 1749 1135 1828 futuram,

208 1848 369 1914 Rectoris
388 1869 466 1913 cum
483 1849 583 1930 virgo
600 1867 730 1931 rogans
747 1850 962 1933 perquireret
979 1869 1103 1915 aevum.

161 2125 191 2170 1⁵
515 2112 681 2179 CAPUT
705 2114 844 2179 XXX.

210 2305 364 2380 Quomodo
381 2307 434 2368 uir
451 2305 518 2367 Dei
531 2305 724 2367 Hereberdto
746 2283 915 2368 auctorita
936 2307 1050 2369 obitum
1071 2331 1158 2372 suum

161 2438 166 2446 ·
254 2404 458 2488 praedixerat,
474 2403 705 2488 comitatumque
721 2401 808 2466 illius
832 2405 1000 2469 uDomiuo
1011 2411 1157 2490 precibus

258 2506 435 2570 obtinuerit.

259 2631 366 2696 Tune
376 2633 472 2695 venit
485 2629 738 2708 HereberhtuS,
750 2637 826 2694 erat
842 2631 904 2712 qui
921 2651 1033 2696 nexus
1044 2653 1160 2698 amore

163 2742 198 2788 2⁰
211 2730 394 2814 Praecipuo
411 2732 497 2809 vati,
513 2731 677 2814 illiusque
693 2750 755 2814 per
772 2732 853 2796 avia
870 2731 998 2795 celsam

211 2831 366 2896 Edoctus
382 2833 523 2895 monitis
540 2832 650 2896 vitam
665 2838 840 2921 secretam
853 2833 992 2913 agebat,

212 2932 256 2995 Se
273 2933 415 3014 cupiens
433 2932 545 2996 solitis
561 2933 652 2995 sacri
670 2931 839 2995 firmarier
855 2933 955 2995 orsis

213 3030 283 3110 Qui
300 3032 382 3095 dum
400 3032 543 3096 sidereis
560 3033 656 3096 verbi
673 3031 800 3096 devota
816 3033 970 3096 vicissim

213 3132 329 3197 Corda
344 3135 462 3215 rigant
477 3132 636 3215 dapibus,
656 3131 869 3196 Cutberhtus
887 3133 973 3196 talia
984 3133 1115 3217 jungit.

167 3236 199 3282 2⁵
214 3233 343 3296 ‘Hunc
360 3233 470 3310 decet,
487 3232 578 3296 hunc
595 3233 707 3316 epulis
723 3239 759 3296 et
775 3232 904 3314 linguae
917 3232 1041 3296 ducere
1052 3234 1163 3312 festis,

215 3334 339 3397 Frater
356 3340 482 3411 amate,
500 3332 611 3412 diem3
635 3352 771 3415 semper
786 3333 870 3415 quia
886 3340 1025 3416 pectore
1042 3353 1152 3398 nexos

216 3434 292 3499 Nos
309 3435 446 3516 genitor
463 3453 577 3497 rerum
595 3432 683 3496 facie
700 3432 895 3516 conjunxit,
913 3441 948 3497 et
966 3442 1047 3498 ante
1147 3439 1148 3442 ’

215 3534 339 3600 Visere
356 3553 419 3597 nos
437 3534 560 3597 tribuit
578 3533 638 3597 leti
655 3551 759 3615 quam
771 3532 852 3616 jure
869 3534 1007 3600 resolvi.

216 3634 421 3719 Idcircoque
438 3634 509 3716 poli
526 3634 624 3697 callis
641 3643 733 3696 nunc
749 3652 808 3696 ore
824 3633 1006 3720 petenduS,

169 3740 202 3786 3⁰
215 3734 307 3798 Toto
323 3753 416 3798 nunc
432 3734 547 3797 animo
563 3732 735 3817 pulsanda
751 3739 805 3796 est
817 3733 928 3817 janua
944 3735 1039 3812 vitae,

216 3835 310 3898 Dum
326 3834 410 3899 licet
427 3834 587 3898 aethereis
604 3832 811 3897 succendere
828 3841 951 3897 mutua
967 3834 1114 3901 flammis

217 3935 383 4012 Pectora3
395 3953 476 3997 nam
487 3952 677 4016 properans
687 3932 773 3996 lethi
782 3953 837 3996 me
847 3940 985 4017 tempus
996 3936 1167 4019 adurget!

400 4191 428 4239 .¹⁵
437 4192 524 4245 Orrur
540 4187 642 4261 XXX.]
660 4193 713 4243 Vit.
725 4193 798 4244 Pros.
811 4192 877 4255 Gap.
888 4205 985 4244 xxvrrr.
