2850 4890
202 349 267 415 248
573 364 786 413 APl’llNDlX.

204 515 367 574 doceantur
394 510 473 593 quod
498 511 641 590 diligant:
670 519 703 571 ut
727 511 799 571 dum
821 511 933 571 talenta
956 511 1073 572 credita
1094 532 1160 572 cum

203 600 286 658 lucro
301 599 542 677 multiplicantur,
556 599 585 655 iu
596 597 674 656 diem
685 597 892 669 retributionis,
903 606 1052 657 aunuente
1062 597 1161 658 divina

204 684 308 762 gratia,
333 683 434 742 audire
462 683 640 753 mereamini,
660 689 668 715 ‘
686 682 771 760 Euge
792 702 876 744 serve
898 683 978 742 boue
999 689 1030 742 et
1052 681 1159 752 fidelis,

203 770 279 826 intra
291 769 319 826 in
335 767 474 844 gaudium
490 766 610 827 Domini
623 767 687 827 tui!
730 767 840 827 curam
858 776 1003 847 praeterea
1015 767 1055 826 de
1069 768 1159 826 omni-

208 854 274 923 bus,
296 871 364 931 quae
382 853 468 912 vobis
484 852 609 932 aliisque
630 852 768 912 fratribus
792 853 911 923 uostris,
934 862 966 912 et
988 853 1160 931 generaliter
1183 871 1197 913 s

206 939 333 1007 cunctis,
359 957 412 1017 pro
440 937 606 996 illicitarum
634 958 729 996 rerum
755 938 951 1017 prohibitione
978 938 1161 1017 scripsimus,

205 1023 315 1082 habere
336 1042 392 1081 vos
416 1042 469 1101 per
491 1023 590 1081 omnia
610 1042 846 1101 cognoscamus3
870 1023 941 1101 quia
961 1023 1042 1082 omni
1063 1022 1160 1082 studio

204 1107 342 1186 omnique
364 1105 470 1165 adnisu
492 1126 615 1167 necesse
635 1116 732 1167 estut
752 1107 941 1167 fraternitatis
958 1116 1070 1167 vestrae
1088 1108 1159 1186 vigi·

204 1193 297 1252 lantia
311 1192 523 1271 compleantur,
537 1200 627 1271 atque
643 1192 704 1251 illio
722 1193 830 1263 omnia,
847 1212 915 1271 quae
930 1212 984 1272 pro
1000 1193 1161 1252 animarum

205 1278 378 1357 scripsimus
393 1277 500 1347 salute,
515 1275 641 1336 fideliter
653 1287 875 1345 recenseantur;
899 1286 1047 1357 quatenus
1062 1284 1094 1336 et
1106 1298 1159 1338 vos
1169 1293 1199 1338 lu

206 1383 259 1442 per
272 1365 329 1421 hoc
343 1373 473 1421 vestrum
488 1361 595 1432 zelum,
609 1363 734 1442 qualiter
750 1362 837 1422 vobis
853 1362 957 1422 illicita
969 1361 1161 1441 displiceant,

206 1445 381 1516 ostendatis,
397 1456 427 1505 et
445 1466 499 1506 nos
520 1448 627 1507 utiliter
645 1447 821 1527 providisse,
837 1449 956 1526 quivos
976 1467 1014 1507 ac
1031 1456 1163 1507 vestram

207 1532 246 1591 ad
261 1532 317 1591 lroc
332 1551 393 1610 prae
407 1533 512 1590 ceteris
527 1552 682 1611 personam
697 1531 850 1610 elegimus,
865 1532 1029 1592 videamur.

250 1616 444 1696 Omnipotens
459 1624 557 1676 autem
573 1618 657 1677 Deus
672 1637 727 1676 sua
740 1637 795 1676 vos
808 1618 991 1697 protectione
1005 1616 1162 1688 custodiat,

207 1701 405 1781 honoremque
427 1709 598 1783 perceptum
615 1703 699 1762 vobis
716 1703 852 1762 omnibus
868 1723 986 1764 servare
1004 1703 1202 1764 concedatis

207 1785 316 1846 Amen.

552 2045 752 2106 NUMBER
773 2046 816 2106 V.

302 2212 523 2277 Gannou1us⁴
537 2211 714 2296 Aupustino
728 2213 869 2298 episcopo
883 2210 1068 2296 Auylorum.

207 2385 349 2446 Gtomn
363 2386 392 2444 in
406 2386 535 2445 excelsis
551 2385 629 2460 Deo,
645 2394 676 2445 et
689 2386 717 2444 in
732 2395 809 2444 terra
821 2405 881 2465 pax
895 2384 1063 2444 homiuibus
1078 2386 1164 2444 bona

207 2471 389 2540 voluntatis3
412 2471 482 2550 quia
496 2491 617 2549 granum
631 2470 767 2530 frumeuti
783 2479 928 2530 mortuum
943 2478 990 2529 est
1005 2469 1201 2532 cadensium

206 2563 323 2626 terram,
337 2577 373 2614 ue
392 2557 488 2615 solum
504 2565 638 2633 regnaret
654 2556 682 2614 iu
699 2557 784 2628 coelo,
804 2559 890 2634 cujus
908 2563 1002 2614 morte
1023 2557 1162 2625 vivimus,

207 2645 293 2719 cujus
315 2640 480 2700 infirmitate
502 2641 683 2711 roboramur,
708 2643 794 2718 cujus
818 2640 957 2720 passione
982 2657 1001 2697 a
1024 2642 1164 2720 passione

207 2727 355 2805 eripimur,
370 2728 456 2805 cujus
470 2745 568 2786 amore
582 2727 611 2784 irr
627 2726 779 2785 Britannia
788 2726 893 2784 fratres
904 2725 1075 2805 quaerimus,
1087 2745 1163 2804 quos

207 2811 425 2888 ignorabamus,
441 2813 527 2889 cujus
537 2831 667 2881 munere,
678 2831 754 2889 quos
768 2810 934 2869 nescientes
945 2810 1163 2889 quaerebamus,

209 2895 382 2955 invenimus.
441 2896 519 2962 Quis
546 2905 645 2954 autem
671 2915 786 2955 narrare
815 2893 944 2954 sufficiat
969 2904 1083 2974 quanta
1115 2895 1201 2958 hicat

208 2980 310 3039 laetitia
328 2982 358 3039 in
375 2981 502 3040 omnium
517 2981 606 3040 corde
621 2980 750 3040 fidelium
764 2980 852 3039 fuerit
865 2987 980 3050 exorta,
994 2980 1076 3059 quod
1090 2999 1162 3058 gens

208 3065 387 3143 Anglorum,
400 3075 540 3145 operante
551 3066 758 3146 omnipotentis
771 3064 830 3124 Dei
841 3065 944 3144 gratia,
955 3072 986 3123 ct
998 3073 1050 3124 tua
1060 3064 1162 3124 frater·

208 3152 299 3210 nitate
323 3151 485 3221 laborante,
504 3151 637 3230 expulsis
656 3171 784 3210 errorum
801 3151 939 3221 tenebris,
962 3158 1073 3208 sanetae
1091 3148 1162 3209 fidei

208 3235 276 3293 luce
301 3235 420 3315 perfusa
444 3244 506 3303 est;
540 3234 621 3314 quod
644 3245 741 3295 mente
764 3236 950 3313 integerrima
970 3237 1037 3314 jam
1064 3234 1165 3294 calcat

206 3319 298 3388 idola,
313 3319 420 3398 quibus
434 3321 513 3399 prius
528 3340 638 3379 vesano
649 3322 751 3380 timore
762 3321 954 3399 subjacebat;
977 3319 1059 3400 quod
1070 3321 1162 3379 omni·
1172 3338 1202 3383 su

206 3405 321 3483 potenti
335 3405 403 3464 Deo
415 3425 489 3483 puro
504 3404 593 3464 corde
607 3406 819 3474 substernitur;
841 3404 922 3485 quod
937 3405 1051 3484 apravi
1064 3407 1162 3484 operis

208 3489 340 3569 lapsibus
360 3498 472 3548 sanctae
491 3490 708 3568 praedicationis
722 3491 830 3569 regulis
845 3491 969 3567 ligatum
992 3489 1072 3568 quod
1086 3511 1161 3570 prae-

206 3575 301 3654 ceptis
326 3574 433 3633 divinis
456 3576 554 3635 animo
578 3577 724 3654 subjacet,
747 3584 777 3635 et
798 3576 949 3634 intellectu
973 3575 1161 3646 sublevatum

240 3824 360 3899 ³Euge.]
397 3831 610 3881 St.Matth.xxv.
624 3834 665 3880 21.
699 3831 743 3879 the
777 3844 880 3878 success
907 3829 937 3877 os
969 3829 1010 3877 his
1044 3831 1162 3893 ministry

239 3900 666 3963 ⁴Bedahaspreservedportious
699 3906 816 3961 amougst
851 3900 894 3948 the
921 3900 1030 3947 Saxons.
1077 3902 1162 3950 Those

205 3971 259 4020 ola
277 3972 352 4021 letter
365 3971 414 4035 (H.
431 3973 462 4020 E.
476 3986 495 4020 1.
509 3969 666 4035 xxxi.§⁷5)
699 3975 770 4031 parts
795 3971 824 4018 of
845 3970 887 4018 the
908 3970 984 4017 letter
1009 3970 1091 4018 which
1117 3987 1162 4020 are

204 4042 229 4088 in
251 4041 335 4089 which
362 4043 477 4102 Gregory
503 4041 666 4090 admonishes
700 4041 772 4090 there
785 4040 901 4103 omitted,
913 4055 957 4089 are
971 4040 1047 4102 given
1057 4042 1150 4091 above.

202 4112 350 4172 Angustiae
362 4116 406 4159 not
419 4117 445 4160 to
457 4113 488 4160 be
502 4111 587 4160 elated
605 4111 665 4160 with
