2850 4890
483 357 532 406 nn
548 357 623 408 sax
641 358 841 409 nrarrnus
860 361 1009 410 sucum.
1160 344 1225 412 165

262 516 342 601 ipsa
377 519 483 585 totius
517 521 624 584 seculi
659 528 768 586 morte
805 523 1084 588 consummanda.
1143 524 1221 588 Has

262 639 486 699 aerumnosae,
518 623 707 707 plenasque
741 623 917 688 laboribus
947 625 1065 688 mundi
1099 632 1221 689 aetates

262 722 389 804 quique
403 720 495 786 felici
515 733 623 788 morte
638 727 804 803 vicerunt,
819 727 967 808 septima
981 726 1056 809 jam
1077 725 1222 790 Sabbati

260 824 420 904 perennis
441 832 544 890 aetate
565 829 730 910 suscepti,
744 833 903 892 octavam
924 828 1036 891 heatae
1055 846 1221 891 resurrec-

230 943 246 986 e
262 922 366 988 tionis
380 932 528 1006 aetatem,
540 928 577 992 in
588 948 657 1010 qua
670 948 806 1010 semper
816 947 893 992 oum
907 927 1056 991 Domino
1069 934 1221 1010 regnent,

260 1032 476 1107 exspectant.

568 1330 730 1397 PRIMA
752 1330 901 1397 AETAS.

258 1531 390 1596 Parma
413 1533 516 1616 igitur
534 1543 638 1601 aetate
657 1537 766 1601 seculi
785 1537 971 1613 nascentiS,
985 1535 1096 1618 prima
1114 1536 1216 1621 hujus

256 1634 323 1711 die,
354 1634 437 1698 secit
471 1635 566 1700 Deus
601 1638 723 1714 lucem,
753 1657 856 1720 quarn
891 1637 1080 1718 appellavit
1116 1639 1217 1704 diem.

214 1753 244 1798 ro
256 1734 427 1814 Secunda,
438 1733 688 1802 firmamentum
700 1738 780 1802 coeli
790 1739 825 1800 in
838 1736 950 1800 medio
959 1736 1098 1803 libravit
1109 1759 1217 1822 aqua-

255 1855 340 1914 rum,
361 1837 447 1918 ipsis
467 1840 568 1922 aquis
589 1859 631 1904 ac
651 1846 752 1917 terra,
772 1858 850 1903 cum
869 1840 959 1903 coelo
981 1840 1154 1921 superiore
1174 1861 1216 1905 ac

255 1938 441 2002 virtutibus
460 1958 538 2022 quae
558 1941 595 2003 in
618 1959 660 2004 eo
685 1941 895 2004 conditorem
919 1940 1113 2017 laudarent,
1134 1950 1215 2006 ante

252 2037 372 2101 horum
396 2058 459 2102 sex
483 2040 613 2105 dierum
632 2041 809 2104 exordium
828 2041 964 2104 creatis,
1009 2041 1128 2105 Tertia
1149 2042 1215 2120 die,

255 2141 469 2221 congregatis
484 2141 522 2204 in
536 2161 636 2205 suum
651 2141 764 2204 locum
778 2141 890 2224 aquiS,
903 2161 981 2222 quae
992 2148 1119 2206 cuncta
1132 2162 1214 2206 con·

211 2257 241 2302 re
257 2247 426 2319 texerant,
442 2243 574 2307 aridam
589 2243 700 2327 jussit
717 2262 893 2325 apparere.
940 2240 1085 2320 Quarta,
1099 2244 1215 2309 sidera

253 2341 291 2403 in
318 2341 531 2408 firmamento
555 2344 635 2408 coeli
661 2346 789 2427 posuit,
819 2363 897 2426 quoe
920 2363 1023 2420 nunc,
1046 2351 1213 2426 quantum

232 2483 235 2486 -
254 2443 453 2524 aequinoctii
466 2444 663 2528 conjectura
672 2444 875 2528 colligimus,
885 2443 1088 2510 duodecima
1096 2445 1212 2510 kalen-

253 2542 376 2606 darum
403 2544 575 2627 Aprilium
604 2553 755 2610 vocatur.
812 2543 955 2624 Quinta,
983 2548 1143 2611 natatilia
1177 2555 1213 2611 et

252 2645 410 2709 volatilia
431 2647 562 2711 creavit
581 2647 779 2711 animantia.
822 2645 941 2724 Sexta,
961 2648 1125 2712 animalia
1148 2656 1213 2713 ter-

207 2765 240 2808 ao
253 2746 373 2811 restria
386 2754 422 2811 et
435 2748 547 2830 ipsum
561 2748 732 2812 hominem
746 2746 907 2811 formavit
921 2745 1045 2825 Adam,
1057 2748 1100 2811 de
1113 2748 1211 2831 cujus

250 2849 359 2912 latere
376 2848 575 2913 dormientis
598 2857 741 2912 matrem
755 2849 906 2912 omnium
924 2849 1114 2914 viventium
1134 2870 1212 2932 pro·

251 2949 354 3014 duxit
382 2949 503 3028 Evam,
531 2971 610 3034 quea
636 2970 738 3028 nunc,
766 2955 932 3032 quantum
964 2950 1046 3013 mihi
1075 2951 1212 3015 videtur

251 3070 328 3115 esse
352 3052 524 3130 credibile,
546 3053 679 3117 decima
698 3051 922 3116 kalendarum
943 3051 1113 3134 Aprilium
1136 3053 1210 3118 dies

251 3153 456 3235 appellatur.
503 3153 604 3217 Unde
630 3155 749 3218 merito
775 3154 934 3230 creditur,
954 3156 984 3218 si
1008 3174 1076 3217 non
1098 3156 1211 3220 verior

207 3273 239 3318 ne
251 3255 424 3318 sententia
454 3255 572 3332 vincit,
601 3255 692 3338 quod
727 3256 851 3319 beatus
881 3254 1104 3337 Theophilus,
1132 3276 1210 3320 curn

251 3356 386 3434 ceteris,
411 3375 480 3419 non
507 3356 617 3419 solum
647 3356 859 3434 Palaestinae,
884 3355 943 3420 sed
971 3367 1007 3420 et
1031 3358 1209 3438 permultis

251 3457 393 3521 aliarum
408 3457 583 3538 regionum
598 3457 781 3539 episcopis,
797 3457 839 3520 de
859 3457 997 3521 Pascha
1017 3456 1209 3541 disputans

250 3558 399 3640 scripsit,
420 3559 540 3622 eodem
561 3557 692 3622 decimo
716 3556 939 3622 kalendarum
962 3556 1131 3641 Aprilium
1152 3562 1207 3626 die

249 3659 435 3724 Dominum
455 3658 563 3723 fuisse
585 3660 797 3722 crucifixum.
842 3659 999 3724 Ducebat
1022 3662 1113 3724 enim
1136 3682 1207 3727 una

283 3933 303 3963 ²⁵
321 3933 482 3996 Theophilus]
501 3934 542 3982 lle
551 3949 606 3984 was
618 3935 710 3996 bishop
745 3935 883 3995 Eusebius,
893 3934 1046 3992 H.E.v.23.
1069 3934 1204 3983 Thereiea
1300 3994 1303 3999 f

248 4007 277 4055 of
298 4005 422 4055 Caesarea
442 4006 468 4053 in
497 4005 639 4068 Patauino,
660 4006 711 4054 and
743 4005 844 4054 further
855 4006 938 4054 notice
950 4005 979 4052 of
987 4005 1039 4053 him
1052 4005 1078 4052 in
1091 4004 1134 4052 the
1147 4021 1204 4066 pre·

248 4077 387 4127 flourished
399 4076 479 4126 about
490 4088 517 4125 Λ.
529 4089 555 4126 o.
566 4080 622 4126 192.
663 4077 712 4126 See
744 4083 801 4125 sent
809 4075 956 4138 Chronicle,
966 4088 1024 4124 run.
1038 4078 1096 4137 194,
1110 4090 1135 4136 p.
1147 4079 1203 4125 174.
