2850 4890
626 355 841 402 APPENDlX.
1148 340 1213 405 247

250 496 315 556 baec
334 498 409 557 ratio
428 497 603 568 custoditur,
619 520 687 558 cum
706 508 736 558 et
754 502 828 559 inter
835 503 972 578 jumenta
987 502 1044 560 boc
1060 501 1122 562 fieri
1142 524 1207 582 per-

251 602 332 661 saepe
351 585 554 661 cognovimus,
577 592 610 643 nt
633 605 679 654 ea,
701 607 768 665 quae
788 587 918 646 scabiem
938 598 989 646 aut
1008 588 1206 667 impetiginem

250 668 360 727 habere
383 668 530 739 videntur,
556 678 726 748 separentur
750 691 768 729 a
790 673 881 742 sanis,
906 691 943 730 ne
967 671 1082 732 illorum
1104 675 1206 733 morbo

250 761 351 812 cetera
370 773 444 813 sana
466 754 638 814 damnentur
657 756 705 814 vel
723 765 853 835 pereant.
899 757 998 816 Satius
1018 766 1065 817 est
1083 777 1153 835 crgo
1173 770 1207 818 ut

221 855 236 897 5
251 839 321 897 mali
336 849 436 917 aperte
451 841 642 917 corrigantur,
657 860 747 918 quam
761 862 814 920 pro
828 841 886 900 illis
899 842 969 900 boni
982 851 1113 921 pereant.

295 923 386 983 Unde
398 924 534 984 volumus
545 947 599 985 vos
611 945 713 984 omnes
729 926 756 983 in
772 947 860 985 unum
871 928 1027 986 convenire
1036 926 1222 1006 episcopos,'

251 1016 286 1066 ut
302 1008 341 1067 de
365 1009 560 1069 incidentibus
575 1010 675 1070 causis
691 1010 745 1070 fiat
763 1011 952 1091 disceptatio,
973 1018 1003 1070 et
1022 1013 1147 1071 salubris
1168 1012 1207 1071 de

251 1093 458 1154 ecclesiastica
485 1097 689 1156 observatione
717 1096 853 1165 collatio;
887 1105 1031 1174 quatenus
1059 1096 1130 1155 dum
1154 1118 1207 1177 per

251 1180 310 1238 boc
325 1187 356 1238 et
369 1180 517 1259 praeterita
531 1183 724 1260 corriguntur,
739 1191 769 1241 et
781 1182 911 1260 reguiam
922 1182 1020 1241 futura
1033 1182 1207 1262 suscipiunt,

209 1279 241 1323 la
253 1265 438 1344 omnipotens
459 1266 568 1343 ubique
589 1267 735 1326 Dominus
748 1267 869 1327 fratrum
884 1267 1043 1327 concordia
1056 1267 1208 1327 collaude-

252 1356 308 1407 tur.
351 1349 447 1429 Cujus
467 1351 552 1411 vobis
572 1350 679 1411 adesse
693 1353 889 1431 praeentiam,
905 1352 930 1411 si
948 1353 1012 1411 baec
1030 1353 1207 1412 observave-

253 1434 328 1504 ritis,
343 1435 461 1504 scitote,
478 1437 548 1514 quia
562 1437 703 1515 scriptum
718 1445 775 1507 est,
790 1444 799 1471 ⁴
817 1438 880 1496 Ubi
892 1437 999 1496 fuerint
1012 1435 1073 1496 duo
1086 1437 1207 1497 veltres

252 1521 425 1597 congregati
443 1520 472 1578 in
489 1520 606 1580 nomine
621 1542 698 1590 meo,
712 1521 753 1579 ibi
767 1523 795 1581 iu
811 1521 911 1580 medio
928 1540 1029 1581 eornm
1044 1522 1130 1582 sum!
1173 1521 1208 1581 Si

252 1623 325 1681 ergo
357 1603 493 1682 dignatur
526 1606 634 1664 adesse
667 1606 784 1666 duobus
810 1606 860 1666 vel
889 1607 981 1666 tribus
1008 1607 1206 1685 congregatis,

209 1703 240 1748 15
252 1698 364 1768 quanto
388 1691 482 1766 magis
506 1711 564 1750 nnn
588 1690 692 1761 deerit,
718 1692 768 1749 ubi
792 1692 891 1770 plures
912 1693 1090 1754 conveniunt
1110 1711 1206 1751 sacer·

253 1773 360 1832 dotes?
405 1774 446 1832 Et
468 1775 589 1853 quidem
610 1777 680 1854 quia
702 1775 900 1835 adhibendum
923 1776 968 1836 bis
988 1778 1017 1836 in
1035 1796 1111 1835 anno
1135 1797 1206 1836 con-

253 1859 364 1930 cilium,
378 1867 493 1939 patrum
513 1862 553 1920 sit
571 1861 679 1938 regulis
699 1862 874 1931 institutum,
889 1881 946 1920 nou
965 1862 1047 1921 latet.
1092 1861 1153 1920 Sed
1171 1883 1207 1922 ne

251 1943 328 2002 forte
348 1945 448 2022 aliqua
470 1946 624 2004 excusatio
644 1946 693 2015 sit,
711 1945 802 2004 semel
823 1944 1006 2006 decrevimus
1024 1949 1206 2025 congregari,

252 2038 285 2086 ut
305 2031 528 2108 exspectatione
547 2030 665 2089 concilii
686 2030 757 2088 nihil
775 2050 908 2110 pravum,
927 2030 997 2089 nihil
1014 2040 1208 2110 praesumatur

208 2113 405 2182 milliorum
428 2134 496 2173 nam
515 2115 698 2194 plerumque,
714 2116 770 2174 etsi
788 2136 844 2174 nnn
865 2135 964 2175 amore
976 2118 1113 2194 justitiae,
1128 2125 1207 2176 metu

253 2207 351 2258 tamen
376 2201 613 2268 examinationis,
638 2201 800 2260 abstinetur
820 2203 859 2259 ab
883 2201 951 2272 hoc,
973 2201 1054 2280 quod
1078 2203 1207 2260 omnium

253 2291 354 2342 notum
368 2292 414 2344 est
427 2305 517 2364 posse
532 2285 690 2364 displicere
698 2285 825 2363 judicio.
1065 2344 1069 2353 ,

296 2368 399 2440 Hanc,
413 2369 502 2430 irater
515 2371 677 2440 carissime,
693 2370 908 2430 observantiam
924 2372 1031 2429 nostris
1044 2370 1207 2448 relinquen-

253 2452 324 2512 dam
343 2457 469 2534 posteris
490 2465 653 2526 teneamus,
676 2465 707 2514 et
727 2457 836 2526 omnia,
860 2475 928 2534 qnae
953 2454 992 2514 ad
1017 2455 1207 2514 eruditionem

208 2555 240 2599 25
253 2547 381 2599 nostram
401 2541 493 2601 sacris
513 2542 648 2621 apicibus
669 2543 779 2620 scripta
796 2550 873 2611 sunt,
889 2539 1102 2610 custodiamus,
1117 2550 1207 2619 atque

254 2624 291 2682 ad
307 2645 343 2684 ea
357 2646 560 2705 quoscumque
575 2646 733 2705 possumus
747 2627 921 2686 excitemus.
963 2624 1084 2685 Certum
1098 2626 1208 2704 quippe

255 2719 312 2779 est,
328 2713 399 2788 qnia
413 2712 438 2770 si
452 2719 516 2770 toto
531 2711 622 2770 corde
636 2713 794 2791 praeceptis
809 2712 986 2771 salutaribus
1004 2731 1059 2770 nos
1078 2730 1208 2789 occupa·

254 2815 330 2864 mus,
354 2816 470 2855 ornnem
491 2797 626 2856 vitiorum
652 2797 751 2856 labem
773 2796 949 2874 effugimus;
972 2797 1042 2875 quia
1062 2794 1131 2854 dum
1150 2796 1207 2866 his,

255 2881 360 2957 quibus
384 2879 576 2953 aedificamur,
599 2882 759 2952 innitimur,
782 2882 880 2941 locum
903 2883 965 2941 sine
987 2881 1077 2940 dnbio
1098 2879 1207 2959 decep-

210 2981 242 3025 aa
256 2966 341 3024 tionis
369 2964 565 3028 excludimus.
610 2967 799 3046 Quapropter
825 2974 951 3046 oportet,
978 2954 1011 3024 ui
1037 2965 1152 3024 enixius
1180 2966 1209 3023 in

256 3052 370 3110 cunctis
384 3051 535 3112 studiosos
553 3072 609 3113 vos
623 3054 704 3111 circa
716 3051 819 3110 fratres
835 3060 923 3130 atque
939 3051 1091 3130 subjectos
1109 3057 1209 3110 osten-

255 3134 350 3203 datis;
373 3147 406 3197 ut
427 3157 540 3209 omnes,
561 3158 628 3197 curn
653 3138 761 3217 quibus
782 3136 844 3197 aliti
866 3137 938 3196 estis
955 3142 1044 3216 atque
1063 3135 1209 3196 didicistis

255 3229 366 3280 sanctae
382 3221 529 3282 Romanae
544 3223 681 3282 ecclesiae
699 3222 944 3303 praeceptionibus
960 3233 1072 3300 parere,
1089 3230 1208 3301 aposto-

254 3306 320 3364 licae
348 3306 428 3366 sedis
455 3316 606 3387 praccepta
634 3308 839 3387 multiplicare,
868 3307 1110 3386 apertissimeque
1137 3315 1209 3366 nota

210 3407 242 3451 35
256 3390 351 3458 facere
378 3401 560 3470 agnoscant;
583 3393 653 3471 quia
676 3392 757 3473 quod
781 3391 949 3472 specialiter
970 3392 1024 3451 tibi
1048 3393 1163 3471 tuisque
1179 3399 1210 3450 et

253 3477 374 3537 fratrum
395 3485 512 3537 tucrum
534 3479 658 3548 caritati,
682 3486 715 3536 ut
733 3487 791 3537 tuae
813 3477 903 3536 literae
922 3477 1116 3547 innotuerunt,
1138 3497 1209 3536 con·

254 3561 340 3621 sultis
363 3563 531 3636 scribimus,
552 3562 725 3640 generaliter
745 3563 879 3622 omnibus
904 3570 1002 3622 tenere
1024 3562 1208 3623 mandamus.

254 3646 344 3705 Circa
358 3650 558 3727 subjectorum
574 3656 671 3707 autem
686 3657 770 3708 actus
784 3647 948 3707 fraternitas
959 3657 1010 3707 tua
1024 3649 1063 3706 sit
1073 3648 1208 3724 vigilans,

254 3740 440 3791 utvestrnm
462 3733 521 3792 iilis
547 3733 716 3811 exemplum
741 3733 904 3802 instructio,
929 3741 960 3792 et
983 3733 1045 3791 vita
1067 3732 1209 3808 magistra

209 3833 242 3878 4ο
254 3818 310 3886 sit;
334 3816 441 3895 linguae
456 3826 563 3877 vestrae
579 3819 782 3877 exhortatione
796 3818 912 3877 discant
925 3817 1006 3896 quod
1022 3825 1165 3886 metuant,
1181 3827 1212 3876 et

526 4089 544 4118 ¹²
565 4085 636 4158 aaa]
656 4092 695 4139 sa.
709 4089 803 4139 Marah.
817 4089 888 4138 xviii.
903 4091 942 4137 20.
