2850 4890
286 359 330 422 86
576 377 668 424 vrrs
686 377 716 424 s.
733 376 966 438 cunauacrr,

117 544 138 591 A
161 544 192 591 D·
203 545 261 591 6⁷6·
289 535 333 598 ab
348 534 399 599 eis
414 534 518 597 etiam
534 553 571 597 se
587 533 807 610 discalceare,
823 552 973 616 suosque
988 533 1095 616 pedes
1114 533 1186 597 illis
1206 533 1251 597 ad

290 634 495 699 abluendum
515 636 679 716 praebere.
724 634 885 717 Namque
906 634 941 696 in
962 642 1135 698 tantuma
1156 636 1251 698 cultu

290 736 344 798 sui
369 735 520 818 corporis
545 736 695 799 animum
720 735 917 811 sustulerat,
936 742 1040 816 atque
1061 735 1106 798 ad
1126 735 1250 798 animae

290 836 397 899 solius
426 837 556 901 cultum
580 836 782 913 contulerat,
805 842 844 898 ut
867 835 972 898 semel
1004 835 1183 899 calceatus
1209 835 1252 898 ti-

290 939 415 1014 bracis,
439 957 526 1021 quas
550 938 705 1021 pellicias
727 937 853 1001 habere
876 936 1021 1012 solebat,
1042 936 1092 999 sic
1114 955 1251 999 menses
1278 955 1291 996 5

289 1039 489 1120 perduraret
515 1039 673 1119 integros.
719 1037 919 1119 Aliquando
946 1037 1051 1101 etiam
1075 1036 1250 1100 calceatus

291 1139 327 1201 in
340 1138 489 1216 Pascha,
505 1157 573 1200 non
589 1138 656 1199 nisi
671 1145 751 1219 post
767 1156 905 1214 annum,
920 1137 1084 1201 redeunte
1103 1137 1251 1201 Paschae

290 1248 453 1322 tempore,
467 1258 592 1322 proper
610 1238 819 1304 lavationem
840 1239 977 1320 pedum,
992 1258 1070 1320 quae
1090 1238 1127 1301 in
1141 1238 1252 1302 Coena

292 1340 431 1404 Domini
451 1340 523 1404 fieri
543 1340 642 1418 solet,
664 1359 701 1403 se
728 1339 936 1403 discalceare
960 1339 1104 1402 dicatur.
1150 1339 1251 1403 Unde

291 1443 336 1506 ob
350 1444 488 1506 crebras
508 1461 628 1524 preces
650 1442 972 1524 incurvationesque
989 1460 1146 1522 genuum,
1162 1461 1250 1523 quas
1262 1460 1291 1504 ro

292 1543 468 1608 calceatus
489 1545 683 1620 exercebat,
697 1543 822 1606 callum
841 1543 1024 1622 oblongum
1044 1562 1106 1605 nec
1127 1543 1251 1606 exilem

291 1646 327 1707 iu
337 1645 483 1709 confinio
491 1644 616 1726 pedum
628 1652 662 1707 et
673 1645 834 1707 tibiarum
845 1642 1007 1707 habuisse
1020 1643 1251 1724 deprehensus

291 1754 354 1809 est.
400 1744 543 1822 Deinde,
570 1747 781 1809 increscente
807 1744 922 1808 studio
947 1744 1179 1826 perfectionis,
1203 1745 1251 1807 in·

335 1982 345 2011 ⁴
363 1979 491 2051 Tiberium]
510 1986 518 2012 ‘
535 1984 671 2048 Tribucus‚
692 1987 754 2034 Tra·
789 1986 851 2036 edit.
865 1986 955 2035 Colon.
969 1985 1056 2049 1589),
1064 1999 1118 2033 was
1128 1987 1249 2036 declared

291 2055 380 2115 bacus,
391 2054 535 2115 Tubrucus,
548 2056 696 2118 Tybrugus,
708 2057 725 2104 i.
734 2071 754 2106 e.
790 2057 895 2117 binding
918 2071 985 2116 upon
1009 2056 1052 2104 the
1076 2056 1203 2105 chunones
1224 2059 1253 2106 oi

292 2124 378 2172 Ocrea
398 2124 483 2184 lanea,
502 2126 584 2172 ocreis
599 2131 645 2173 aut
661 2127 755 2174 calceis
789 2127 868 2186 Spain
894 2126 943 2174 and
967 2125 1035 2174 Gaul
1056 2126 1090 2186 by
1113 2126 1156 2175 the
1181 2128 1249 2176 third

291 2194 416 2242 coriaceis
455 2196 628 2255 superimponi
669 2198 755 2259 solita,
788 2210 868 2244 canon
882 2195 912 2243 oi
921 2197 964 2243 the
977 2197 1085 2245 Council
1098 2195 1128 2243 oi
1140 2198 1249 2259 Toledo,

292 2277 367 2323 quam
379 2263 457 2322 vulgo
471 2258 530 2331 [nos
540 2259 624 2332 Galli]
637 2265 755 2314 Gemuebe
789 2265 849 2314 held
860 2267 885 2313 in
899 2279 925 2314 a.
936 2279 961 2316 n.
974 2269 1032 2328 694,
1045 2266 1094 2314 and
1105 2267 1139 2314 its
1149 2268 1251 2329 neglect

292 2331 475 2392 appellamus!
510 2334 748 2386 Marteneinvoce.
788 2350 841 2384 was
864 2336 990 2396 punished
1012 2337 1046 2397 by
1071 2340 1121 2384 two
1138 2335 1250 2387 months'

336 2399 347 2429 ⁶
361 2401 495 2464 Aliquando
516 2402 577 2451 enim
598 2407 712 2454 calceatus
729 2405 755 2454 ia
788 2405 949 2455 banishment
966 2405 1030 2454 from
1047 2406 1090 2454 the
1102 2406 1162 2468 holy
1176 2408 1250 2456 Corn·

293 2466 410 2538 Pascha]
446 2472 500 2520 The
517 2480 614 2522 custom
635 2475 695 2523 here
716 2476 754 2524 al·
787 2478 899 2524 munion.

292 2540 372 2588 luded
385 2547 411 2588 to
424 2555 482 2601 may
492 2543 524 2590 be
533 2544 679 2592 illustrated
690 2545 754 2593 from
823 2542 842 2571 ¹³
860 2544 1120 2607 Studiopersectionis.]
1133 2546 1164 2595 ln
1174 2547 1250 2596 order

292 2610 336 2658 the
365 2611 497 2672 following
523 2618 623 2663 extract
648 2614 712 2663 from
738 2631 754 2664 a
788 2619 813 2662 to
827 2617 985 2664 understand
998 2615 1042 2663 the
1057 2615 1146 2676 theory
1163 2616 1193 2664 oi
1206 2617 1249 2666 the

292 2680 517 2743 consuetudinary
526 2685 628 2744 printed
640 2685 673 2745 by
683 2686 753 2734 Mar·
788 2687 910 2734 monastic
934 2690 1028 2746 system
1053 2691 1079 2733 to
1101 2686 1187 2734 which
1210 2687 1248 2737 St.

292 2754 359 2812 tene,
368 2751 495 2813 deAntiq.
507 2754 576 2804 Eccl.
587 2756 639 2802 Rit.
649 2756 687 2802 iii.
696 2760 754 2804 124.
787 2755 913 2804 Cuthbert
932 2770 988 2803 now
1009 2770 1078 2805 more
1096 2758 1248 2818 completely

292 2820 299 2846 ‘
321 2820 432 2871 Quando
454 2823 555 2883 signum
578 2826 696 2886 pulsatur
720 2827 752 2874 ad
787 2826 895 2879 devoted
918 2824 1029 2886 himself,
1050 2825 1094 2873 the
1115 2825 1249 2887 following

291 2890 755 2958 Tertiammoresolitopraeparentur,
788 2909 910 2956 passages
933 2895 997 2943 from
1022 2896 1180 2945 Bellarmine
1205 2912 1249 2946 are

291 2962 753 3026 etinterimcumTertiadicitur,cal-
787 2965 873 3025 given.
924 2964 955 3013 ln
979 2965 1022 3013 the
1045 2966 1100 3014 first
1119 2967 1195 3026 place
1216 2967 1248 3016 he

291 3036 431 3092 coementa,
444 3047 501 3091 quae
519 3033 605 3082 danda
620 3040 680 3083 sunt
692 3037 753 3083 Fra·
787 3035 882 3083 defines
893 3034 936 3082 the
951 3035 1114 3084 ‘Consilium
1129 3037 1248 3096 perfecti-

260 3119 262 3123 ’
291 3101 382 3161 tribus,
400 3101 426 3148 in
442 3103 564 3162 Capitulo
578 3118 625 3164 per
640 3105 752 3153 ordinem
786 3103 855 3152 ouis’
879 3110 905 3153 to
928 3105 960 3152 be
986 3107 993 3130 ‘
1015 3106 1109 3153 bonum
1137 3120 1203 3168 opus
1232 3121 1248 3156 a

290 3171 754 3234 suspendanturinmedicinquatuor
787 3174 890 3223 Christo
914 3176 986 3223 nobis
1010 3190 1060 3223 non
1082 3176 1247 3240 imperatum,

291 3242 412 3304 perticas,
443 3245 470 3289 et
498 3243 604 3291 totidem
629 3244 753 3294 columnis
786 3245 830 3292 sed
845 3246 1061 3305 demonstratum
1080 3249 1247 3297 nonmanda·

292 3311 374 3362 affixis
398 3316 571 3362 sustentantes
599 3329 644 3362 eas
661 3349 752 3363 .....
786 3319 848 3376 tum,
870 3316 916 3363 sed
940 3315 1162 3365 commendatum.’
1205 3317 1247 3365 He

292 3383 357 3432 Post
370 3382 515 3431 Sermonem
531 3383 627 3432 iactum
646 3392 753 3445 surgant
786 3384 845 3432 then
857 3386 929 3446 gives
941 3385 1012 3434 three
1031 3387 1149 3435 different
1165 3387 1248 3449 opini-

292 3453 443 3513 Camerarii,
466 3467 532 3501 unus
558 3453 600 3502 hic
631 3458 657 3502 et
685 3456 753 3504 alius
785 3469 830 3503 ons
848 3470 916 3516 upon
936 3456 979 3504 the
996 3456 1104 3518 subject,
1121 3458 1172 3504 and
1189 3473 1247 3506 con·

292 3523 361 3584 inde,
385 3527 412 3571 et
428 3523 601 3572 calceamenta
620 3525 752 3575 Fratribus
785 3525 1246 3584 eludes,‘QuartasententiaestCa-

292 3593 488 3656 distribuantur,
517 3594 584 3642 sicut
610 3596 754 3657 conscripta
787 3594 938 3644 tholicorum
956 3597 1172 3658 omnium,multa
1190 3611 1246 3646 esse

293 3662 370 3717 nunt)
786 3679 844 3712 vere
866 3670 892 3712 et
909 3667 1011 3726 proprie
1029 3667 1143 3715 Consilia
1162 3667 1247 3717 Evan-

336 3733 454 3796 ⁸Proper
478 3734 618 3781 mouturam
645 3730 752 3802 pedum]
786 3736 879 3794 gelica,
898 3736 943 3783 sed
961 3737 1090 3797 praecipue
1108 3738 1166 3799 tria,
1179 3738 1246 3787 Con-

292 3805 354 3856 This
362 3808 457 3853 custom
463 3803 491 3851 of
494 3804 536 3852 the
543 3803 753 3865 Church,lound·
787 3805 927 3866 tinentiam,
937 3805 1128 3867 Obedientiam,
1138 3813 1165 3855 et
1176 3809 1246 3856 Pau·

293 3876 324 3927 od
342 3889 409 3938 upon
426 3874 468 3921 the
485 3874 603 3934 example
619 3874 669 3922 and
688 3889 754 3922 com·
787 3880 1245 3938 pertatem‚quaenecsuntpraecepta,

292 3945 368 3998 strand
376 3943 405 3994 oi
414 3959 461 3993 our
473 3944 539 3992 Lord
549 3940 598 4007 (St.
607 3943 688 4003 John,
697 3945 752 3992 xiii.
786 3960 832 3993 nec
842 3944 1024 4007 indifferentia,
1035 3947 1079 3995 sed
1094 3947 1149 3994 Deo
1162 3953 1244 4008 grata,

292 4015 631 4079 t,a,1t,1⁵,c0ncerning
651 4013 693 4062 the
710 4029 752 4062 ex·
786 4020 811 4061 et
834 4014 866 4062 ab
891 4015 937 4063 illo
961 4015 1155 4066 commendata’
1205 4019 1244 4066 De

294 4093 348 4139 tout
362 4085 392 4136 oi
405 4084 447 4134 the
461 4085 611 4145 obligatior,
625 4083 752 4143 however,
788 4084 930 4146 hierachia,
942 4100 1018 4146 capp.
1033 4087 1075 4135 vii.
1088 4087 1143 4134 viii.

293 4174 337 4211 wa
363 4156 469 4207 Tolotus
492 4154 518 4203 in
541 4153 636 4204 Johan.
660 4155 688 4206 ii.
710 4158 751 4216 44,
