2850 4890
283 352 352 418 106
573 372 666 421 vrrs
683 371 714 422 s.
732 370 968 434 ounnunorr,

591 659 753 726 CAPUT
775 658 932 726 XXIX.

298 824 458 896 Quomodo
473 850 600 895 uxorem
613 831 735 896 comitis
743 853 806 918 per
814 827 1029 917 presbyterum
1042 849 1131 894 ouum
1144 851 1229 916 aquo

588 930 750 997 benedicto
763 931 936 997 sonaverit.

105 1135 257 1190 aneso.
282 1133 365 1216 §m
388 1133 564 1214 Quanam
593 1142 708 1200 autem
734 1134 791 1200 die
816 1136 898 1200 dum
919 1133 1117 1218 parochiam
1141 1152 1240 1199 suam
1328 1111 1329 1116 ἵ

102 1205 217 1346 {fffssdifi
279 1236 457 1314 circuiens,
469 1237 601 1301 monita
615 1236 738 1302 salutis
757 1237 915 1301 omnibus
934 1235 1079 1314 ruribus,
1094 1236 1189 1300 casis
1204 1243 1238 1301 et
1264 1254 1277 1298 r

153 1332 160 1347 '
279 1338 428 1404 vinculis
443 1337 633 1420 largiretur,
647 1359 711 1404 nec
725 1358 794 1402 non
809 1338 914 1403 etiam
927 1356 1036 1419 nuper
1053 1337 1238 1420 baptizatis

281 1438 324 1501 ad
350 1437 587 1520 accipiendam
610 1437 758 1522 Spiritus
782 1437 903 1502 Sancti
929 1437 1074 1520 gratiam
1098 1456 1237 1500 manum

278 1538 479 1621 imponeret,
494 1540 633 1605 devenit
654 1538 697 1603 ad
718 1540 874 1604 villulam
891 1537 1072 1623 cujusdam
1091 1539 1239 1616 comitis,

279 1640 379 1723 cujus
408 1661 498 1705 uxor
527 1643 617 1706 male
647 1642 777 1706 habens
810 1640 913 1723 quasi
946 1640 1047 1704 morti
1079 1639 1240 1723 proxima

273 1741 430 1824 jacebat.
475 1741 541 1807 Cui
557 1743 633 1826 jam
653 1743 805 1809 venienti
825 1762 1006 1807 occurrens
1020 1741 1096 1824 ipse
1112 1759 1277 1819 comes,1o

279 1844 381 1907 flexis
410 1844 553 1925 genibus
582 1845 710 1926 gratias
739 1844 808 1927 egit
837 1843 988 1907 Domino
1016 1843 1058 1907 de
1087 1843 1238 1908 adventu

277 1943 382 2022 illius,
396 1950 432 2008 et
446 1945 665 2010 introducens
678 1966 756 2011 eum
769 1945 917 2027 benigno
931 1944 1061 2027 recepit
1075 1944 1236 2028 hospitio.
1336 1980 1341 1990 ·

278 2044 434 2129 Cumque
444 2047 527 2111 lotis
539 2067 630 2112 more
642 2045 892 2131 hospitalitatis
907 2046 1066 2110 manibus
1083 2065 1125 2110 ac
1139 2046 1237 2129 pedi-

276 2148 353 2226 bus,
375 2149 562 2214 resedisset
587 2150 744 2228 antistes,
767 2148 876 2230 coepit
899 2147 1020 2212 referre
1043 2147 1094 2211 illi
1116 2148 1236 2213 virdo

275 2249 439 2332 languore
449 2249 604 2334 conjugis
613 2250 816 2333 desperatae,
826 2251 1008 2314 obsecrans
1017 2256 1058 2313 ut
1066 2248 1110 2313 ad
1120 2268 1237 2332 asper·
1247 2268 1276 2313 ro

276 2352 422 2433 gendum
437 2372 513 2416 eam
528 2371 655 2435 aquam
675 2353 898 2417 benediceret.
941 2357 952 2386 ‘
968 2350 1099 2427 Gred0,'
1112 2351 1236 2435 inquit,

275 2453 385 2535 ‘quia
398 2473 481 2517 mox
498 2460 559 2517 aut
576 2454 728 2533 sanitati,
746 2453 822 2518 Deo
840 2454 1001 2531 donante,
1016 2453 1232 2532 restituatur,

275 2562 337 2617 aut
358 2554 388 2618 si
408 2555 572 2621 moritura
590 2563 645 2620 est
665 2564 867 2640 perpetuam
885 2556 928 2620 de
949 2561 1056 2619 morte
1077 2561 1236 2619 transeat

277 2656 322 2720 ad
351 2657 470 2735 vitam,
499 2657 670 2748 citiusque
699 2657 874 2722 moriendo
897 2655 1136 2738 compendium
1162 2663 1235 2720 tam

274 2757 480 2822 miserabilis
490 2777 531 2822 ac
541 2758 684 2822 diutinae
697 2758 891 2823 vexationis
905 2756 1076 2841 accipiat!
1099 2755 1235 2821 Adnuit
1243 2774 1274 2821 uo

275 2859 475 2940 deprecanti
488 2858 542 2924 vir
558 2860 635 2937 Dei,
656 2866 691 2924 et
711 2859 864 2924 adlatam
882 2859 1086 2923 benedicens
1107 2878 1235 2942 aquam

274 2959 371 3025 dedit
395 2962 605 3044 presbytero,
627 2961 833 3044 praecipiens
855 2967 895 3024 ut
913 2979 1016 3044 super
1034 2961 1234 3043 languidam

275 3069 481 3145 aspergeret.
525 3061 595 3142 Qui
619 3062 847 3145 introgressus
871 3061 1078 3141 cubiculum,
1104 3063 1140 3126 in
1164 3082 1234 3146 quo

273 3165 336 3228 illa
355 3165 506 3229 exanimi
528 3165 702 3234 simillima
722 3165 876 3249 jacebat,
894 3165 1042 3247 aspersit
1063 3165 1178 3246 ipsam
1197 3172 1233 3230 et

272 3264 434 3329 lectulum
463 3266 550 3349 ejus,
576 3265 637 3330 sed
661 3273 698 3330 et
722 3285 763 3331 os
788 3267 882 3331 illius
908 3265 1066 3349 aperiens
1093 3275 1231 3348 gustum
1241 3286 1271 3331 uo

273 3365 441 3431 salutiferi
456 3367 601 3432 haustus
615 3369 767 3433 immisit.
812 3368 884 3432 Res
901 3369 988 3432 mira
1001 3374 1036 3433 et
1049 3367 1231 3433 vehemen-

273 3475 327 3533 ter·
341 3468 529 3552 stupenda!
553 3489 634 3534 mox
647 3477 687 3534 ut
698 3490 775 3535 eam
790 3489 882 3553 aqua
895 3469 1078 3534 benedicta
1088 3471 1232 3553 contigit

272 3569 501 3651 languentem,
528 3571 669 3654 etquid
697 3590 778 3653 erga
800 3591 876 3635 eam
899 3578 1070 3653 gereretur
1091 3591 1230 3653 prorsus

271 3670 494 3753 ignorantem,
509 3671 560 3736 ita
575 3672 712 3755 plenam
727 3679 762 3736 et
775 3673 900 3737 mentis
916 3679 952 3736 et
968 3673 1119 3755 corporis
1136 3674 1230 3739 sani-

273 3779 380 3837 tatem
393 3773 533 3854 recepit,
547 3781 587 3836 ut
597 3772 777 3837 confestim
792 3773 998 3856 resipiscens
1014 3773 1231 3841 benediceret
1241 3794 1271 3841 oo

493 4089 502 4120 ¹
520 4093 614 4142 Curua·
626 4094 742 4159 XXIX]
769 4096 824 4144 vit.
838 4093 922 4144 Anon.
936 4094 950 4161 ξ
962 4100 1003 4148 32.
