2850 4890
463 344 642 394 huorono
663 348 753 397 vau,
768 349 878 395 nunu.
1088 332 1151 397 147

188 497 273 562 utile
297 498 479 582 judicavit,
503 505 577 568 sine
604 505 782 570 charitatis
807 498 1020 584 detrimento,
1045 507 1148 570 immo
1164 518 1198 568 A.
1209 519 1242 569 u.
1255 521 1316 568 ean:

188 618 250 681 pro
267 611 448 682 augmento
464 603 651 682 charitatis
666 606 830 690 praefecit.

231 701 295 783 §3-
321 703 483 788 Suscepit
502 709 604 789 igitur
627 717 834 774 memoratus
857 710 910 774 vir
936 728 1051 773 curam
1075 729 1147 772 mo·
1164 726 1302 790 renarra.

185 805 327 868 nasterii
341 807 492 889 regendi,
507 828 609 888 nono,
624 830 669 874 ex
684 830 752 893 quo
768 810 947 874 fundatum
965 818 1029 887 est,
1045 830 1146 874 anno.
1162 784 1252 820 ‘emm'

156 902 381 971 rPermansit
408 909 445 972 in
473 930 514 975 eo
544 931 654 995 usque
685 913 729 977 ad
756 913 886 977 obitum
916 932 1015 975 suum
1046 913 1146 976 annis

185 1015 345 1088 quatuor,
360 1011 413 1076 vir
431 1013 475 1076 ad
496 1015 650 1078 seculum
670 1015 807 1093 nobilis,
823 1014 883 1078 sed
903 1014 1035 1095 insigne
1050 1014 1147 1077 nobi-

184 1107 294 1174 litatis
323 1132 392 1176 non
425 1114 468 1178 ad
498 1115 681 1198 jactantiae
715 1116 901 1192 materiem,
931 1120 969 1177 ut
996 1114 1146 1196 quidam,

185 1209 452 1299 despectumque
477 1218 630 1297 aliorum,
657 1219 718 1283 sed
743 1218 788 1281 ad
813 1215 987 1299 majorem,
1012 1226 1052 1279 ut
1077 1215 1143 1279 Dei

184 1333 322 1379 servum
340 1317 448 1395 decet,
465 1320 569 1383 animi
588 1319 803 1384 nobilitatem
821 1325 1032 1382 convertens.
1077 1316 1145 1381 Pa-

141 1432 172 1477 ro
185 1416 304 1480 truelis
338 1421 466 1504 quippe
492 1428 567 1486 erat
601 1422 737 1485 abbatis
772 1421 827 1485 sui
860 1419 1049 1497 Benedicti,
1083 1420 1144 1483 sed

184 1518 360 1582 amborum
380 1523 622 1587 tentamentis
641 1523 848 1604 ingenuitas
861 1521 943 1585 talis
962 1520 1144 1584 mundanae

184 1619 407 1702 ingenuitatis
432 1623 499 1688 fuit
520 1645 582 1708 pro
608 1625 716 1688 nihilo
742 1631 945 1700 contemtus,
968 1630 1009 1686 ut
1033 1642 1143 1704 neque

183 1721 250 1786 iste
261 1726 505 1789 monasterium
519 1727 705 1808 ingressus
717 1725 867 1808 aliquem
883 1723 951 1787 sibi
964 1743 1036 1806 prae
1052 1731 1143 1787 cete-

182 1824 230 1888 ris
260 1826 316 1891 ob,
333 1827 493 1892 intuitum
525 1827 835 1910 consanguinitatis
863 1833 925 1890 aut
951 1824 1142 1889 nobilitatis

141 1944 171 1988 15
185 1924 349 1992 honorem
368 1930 600 2011 quaerendum,
620 1950 731 2014 neque
756 1929 814 1993 ille
839 1934 979 2011 putaret
1002 1925 1143 1990 offeren-

182 2027 284 2108 dum3
307 2031 367 2094 sed
384 2031 510 2114 aequali
524 2052 602 2096 cum
616 2032 796 2096 Fratribus
810 2031 910 2095 lance
924 2029 1006 2093 boni
1020 2049 1142 2112 propo-

183 2131 242 2194 siti
264 2130 403 2213 juvenis
429 2135 638 2215 gloriabatur
665 2155 703 2199 se
731 2134 919 2216 regularem
942 2152 1005 2215 per
1026 2131 1142 2195 omnia

181 2252 319 2298 servare
338 2235 567 2318 disciplinam.
611 2236 658 2301 Et
677 2235 814 2320 quidem
834 2254 911 2299 cum
933 2232 1057 2296 suisset
1077 2233 1140 2296 mi-

181 2334 289 2398 nister
301 2335 468 2418 AEcglridi
487 2339 588 2420 regis,
602 2338 729 2402 relictis
749 2337 855 2402 semel
875 2335 1021 2417 negotiis
1041 2354 1140 2398 secu-

137 2435 320 2515 solaribus,
334 2437 501 2520 depositis
517 2441 633 2518 armiS,
648 2447 803 2504 assumta
821 2438 946 2502 militia
967 2436 1139 2520 spirituali

180 2540 326 2616 tantum,
335 2541 463 2605 mansit
477 2540 626 2620 humiliS,
638 2542 863 2623 Fratrumque
879 2541 1058 2604 similimus
1074 2539 1137 2604 ali-

180 2660 287 2718 orum,
301 2649 341 2705 ut
353 2643 517 2707 ventilare
537 2664 614 2715 cum
636 2644 686 2708 eis
706 2651 742 2707 et
762 2643 931 2720 triturare,
944 2661 1027 2706 oves
1047 2641 1136 2705 vitu-

179 2741 301 2826 lasque
326 2744 486 2827 mulgere,
505 2746 541 2808 in
561 2745 717 2829 pistrino,
735 2745 771 2807 in
788 2743 897 2821 horte,
920 2743 956 2805 in
976 2741 1136 2823 coquina,

168 2842 215 2906 >in
230 2845 365 2909 cunctis
379 2847 578 2912 monasterii
593 2846 764 2929 operibuS,
777 2844 950 2928 jocundus
971 2851 1006 2907 et
1020 2844 1136 2908 obedi-

133 2964 165 3009 25
178 2965 239 3010 ens
270 2947 432 3028 gauderet
458 2950 618 3014 exerceri.
673 2949 742 3014 Sed
772 2956 807 3012 et
837 2947 972 3012 abbatis
1000 2946 1136 3010 nomine

175 3049 350 3131 graduque
366 3057 529 3127 assumto,
542 3051 661 3114 eodem
676 3051 790 3116 animo
812 3067 882 3133 quo
904 3050 999 3132 prius
1020 3069 1136 3113 mane-

177 3149 239 3214 bat
268 3150 312 3213 ad
342 3170 470 3228 omneS,
492 3152 597 3235 juxta
624 3152 659 3216 id
694 3152 786 3235 quod
821 3152 961 3235 quidam
995 3151 1135 3234 sapiens

178 3252 349 3329 admonet,
369 3253 498 3331 dicenS,
517 3253 724 3318 ‘Rectorem
738 3260 772 3318 te
788 3253 1050 3333 constituerunt,
1064 3253 1136 3316 noli

176 3352 307 3430 extolli,
322 3354 383 3417 sed
403 3362 478 3418 esto
497 3355 533 3418 in
552 3356 632 3434 illis,
648 3356 747 3438 quasi
761 3375 851 3418 unus
872 3376 917 3420 ex
936 3355 1016 3434 illis,
1030 3356 1135 3427 mitis,

132 3474 164 3518 eo
177 3453 334 3533 affabilis
356 3464 392 3520 et
416 3457 583 3540 benignus
607 3458 788 3521 omnibus!
830 3457 876 3521 Et
901 3457 1049 3541 quidem,
1074 3458 1134 3521 ubi

175 3565 405 3640 opportunum
425 3561 666 3642 comperiebat,
685 3567 869 3644 peccantes
889 3558 1037 3640 regulari
1064 3559 1133 3623 dis-

175 3658 305 3740 ciplina
330 3678 501 3739 coercens,
524 3661 584 3725 sed
608 3663 718 3744 magis
743 3670 860 3726 tamen
884 3662 1036 3743 ingenita
1057 3661 1133 3724 dili-

174 3759 277 3842 gendi
312 3763 558 3827 consuetudine
590 3764 730 3828 sedulus
762 3764 960 3842 admonens
993 3782 1036 3826 ne
1055 3764 1133 3845 .qui

173 3881 317 3944 peccare
331 3863 445 3942 vellet,
460 3871 495 3929 et
508 3865 784 3948 limpidissimam
798 3866 915 3931 vultus
930 3865 1004 3948 ejus
1020 3864 1133 3928 lucem

214 4112 419 4185 ⁶Adseculum.]
449 4117 531 4167 These
548 4119 633 4167 words
704 4115 724 4146 ²⁵
741 4112 864 4185 Nomina]
882 4116 1129 4182 Regimine,Smith.

172 4202 216 4237 are
229 4188 335 4237 omitted
349 4188 381 4249 by
394 4188 485 4239 Smith.
