2850 4890
620 362 832 411 Arreunrx.
1140 349 1206 414 255

249 513 300 591 qui
312 511 370 570 Dei
381 521 530 592 praecepta
540 513 729 583 adnunciant,
742 512 851 591 Angeli
861 521 1020 572 vocantur:
1043 513 1096 572 sed
1104 514 1204 573 unius-

250 598 376 677 quisque
399 598 551 675 angelicus
573 598 658 669 ordo,
676 607 787 677 quanto
810 599 935 658 vicinius
957 598 1115 657 Dominum
1133 619 1204 658 con-

250 683 439 762 templantur,
447 692 529 743 tanto
540 684 692 743 sublimius
704 683 845 760 dignitate
858 682 1017 743 firmantur.
1048 683 1204 762 Numquid

250 788 308 827 non
318 774 349 825 ut
358 767 518 826 Cherubim
526 770 661 827 monachi
672 789 726 828 sex
738 769 793 827 alis
801 768 950 826 velantur?
966 769 1033 827 dnae
1044 771 1071 826 in
1081 771 1202 847 capitio,

221 868 236 910 5
248 873 308 931 quo
318 853 532 930 caputtegitur‚
540 855 617 912 veris
628 854 863 912 demonstrantur
874 855 1094 912 assertionibus.
1123 854 1205 913 Illud

251 958 323 996 vero
333 937 415 1015 quod
428 939 556 998 brachiis
570 939 749 1008 extenditur,
766 938 840 996 duas
856 938 919 997 alas
935 958 1002 997 esse
1013 938 1154 1006 dicimus;
1176 950 1206 998 et

251 1019 326 1080 illud
347 1042 407 1100 quo
431 1043 538 1102 corpus
564 1022 709 1093 conditur,
734 1023 796 1081 alas
819 1022 903 1081 duas.
947 1022 997 1081 Sic
1020 1043 1073 1081 sex
1095 1023 1205 1081 alarum

251 1126 388 1165 numerus
403 1109 565 1166 certissime
580 1107 744 1167 conficitur.
791 1107 988 1168 Decertantes
1004 1107 1090 1184 igitur
1105 1115 1207 1165 contra

251 1192 411 1250 monachos
434 1193 590 1251 inhaere
613 1192 808 1251 sacerdotalis
831 1193 969 1271 potentiae
992 1212 1090 1251 arcere
1108 1191 1206 1250 officio

207 1291 239 1336 10
251 1277 450 1356 praecipimus,
460 1285 492 1335 ut
506 1279 543 1335 ab
559 1277 765 1355 hujuscemodi
778 1276 913 1336 nefandis
928 1277 1050 1336 ausibus
1064 1278 1091 1334 in
1107 1285 1205 1356 poste-

249 1381 314 1420 rum
335 1362 536 1439 reprimantur,
559 1365 628 1441 quia
656 1372 766 1441 quanto
791 1363 916 1441 quisque
945 1362 1100 1434 excelsior,
1124 1370 1207 1421 tanto

249 1447 406 1526 potentior.

260 1697 422 1780 Ejusdem¹
439 1698 596 1781 Bonifacr'i
610 1700 669 1759 IV.
686 1700 808 1779 epistola
823 1721 857 1759 ea
870 1703 967 1760 eodem
982 1702 1104 1761 concilio
1117 1704 1188 1760 datu

452 1788 493 1844 ad
506 1785 709 1844 Athelhertum
722 1806 817 1864 regem
834 1785 1005 1864 nuptorum.

209 1969 240 2012 15
253 1951 383 2012 Domino
391 1953 641 2014 excellentissimo
650 1963 738 2032 atque
749 1955 1060 2033 praeexcellentissimo
1070 1956 1132 2034 regi
1144 1955 1208 2014 An-

295 2037 609 2181 glorumsslthelberto,
621 2040 793 2099 Bonifacius
808 2041 978 2120 episcopus,
990 2062 1092 2101 servus
1109 2062 1208 2101 servo-

294 2143 398 2182 vorum
446 2144 482 2182 er.

255 2290 341 2351 DUM
357 2290 584 2352 Christianitatis
599 2299 705 2353 vestrae
720 2294 871 2370 integritas
888 2295 929 2352 ita
947 2294 1027 2352 circa
1042 2292 1211 2354 Conditoris

255 2377 301 2436 sui
320 2378 431 2436 cultum
448 2378 622 2447 excreverit,
637 2386 669 2435 ut
686 2379 774 2455 longe
788 2378 905 2457 lateque
920 2379 1119 2458 resplendeat,
1137 2389 1167 2439 et
1182 2381 1210 2438 in

208 2479 241 2524 20
253 2463 333 2520 omni
356 2463 466 2521 mundo
490 2465 677 2532 annunciata,
694 2469 800 2524 vestrae
822 2464 890 2523 Deo
912 2463 1008 2541 dignae
1031 2466 1208 2542 operationis

253 2556 412 2624 augmenta
425 2547 541 2623 referat,
556 2568 688 2607 enormes
704 2549 833 2626 largitori
847 2549 974 2608 omnium
988 2550 1129 2608 bonorum
1142 2550 1209 2609 Deo

256 2639 354 2710 grates
379 2633 572 2703 exsolvimus,
597 2634 726 2713 quivos
750 2634 788 2693 de
812 2635 933 2693 excelso
953 2636 1115 2712 prospexit,
1138 2644 1168 2694 et
1183 2635 1211 2692 in

254 2724 337 2775 tanto
356 2717 494 2776 virtutum
513 2719 638 2776 culmine
653 2719 755 2777 erexit.
798 2719 998 2799 Quapropter,
1015 2719 1141 2794 gloriose
1157 2719 1210 2790 fili,

159 2855 163 2868 ,
255 2801 337 2880 quod
351 2803 389 2860 ab
405 2803 571 2880 apostolica
585 2802 657 2861 sede
673 2823 725 2881 per
739 2804 947 2882 coepiscopum
963 2811 1095 2861 nostrum
1111 2805 1210 2863 Melli-

212 2902 243 2946 25
255 2895 318 2945 tum
330 2887 500 2966 postulatis,
509 2888 610 2945 libenti
622 2887 718 2945 animo
731 2888 921 2946 concedimus
933 2907 940 2946 ε
963 2888 992 2946 id
1005 2895 1060 2957 est,
1072 2896 1104 2947 ut
1114 2897 1214 2948 vestra

254 2971 421 3048 benignitas
440 2973 468 3030 in
486 2972 662 3030 monasterio
680 2972 709 3030 in
729 2970 949 3031 Dorovernensi
967 2973 1086 3032 civitate
1101 2975 1212 3031 consti·

256 3061 331 3125 tuto,
345 3056 427 3135 quod
443 3065 563 3115 sanctus
582 3057 687 3116 doctor
704 3064 802 3115 vester
816 3056 1016 3133 Augustinus,
1034 3056 1130 3116 beatae
1150 3078 1211 3116 me-

255 3141 355 3199 moriae
374 3141 509 3220 Gregorii
526 3141 700 3221 discipulus,
719 3143 815 3200 sancti
833 3141 996 3200 Salvatoris
1014 3142 1122 3200 nomini
1140 3163 1211 3202 eon·

256 3226 394 3295 secravit,
410 3228 459 3286 cui
470 3227 508 3286 ad
520 3246 650 3305 praesens
664 3246 793 3305 praeesse
807 3226 989 3305 dignoscitur
1003 3226 1211 3287 dilectissimus

211 3326 243 3371 30
254 3309 345 3369 frater
359 3319 458 3370 noster
476 3312 661 3381 Laurentius,
683 3311 805 3370 licenter
820 3332 873 3391 per
888 3312 987 3371 omnia
1003 3312 1213 3372 monachorum

255 3396 426 3474 regulariter
444 3395 606 3456 viventium
624 3396 835 3455 habitationem
857 3403 977 3456 statuat.
1032 3397 1214 3476 Apostolica

256 3481 432 3540 auctoritate
446 3480 650 3550 decernentes,
661 3489 694 3540 ut
708 3480 763 3559 ipsi
775 3487 880 3541 vestrae
892 3481 995 3540 salutis
1005 3482 1216 3560 praedicatores

256 3567 404 3637 monachi,
431 3568 641 3626 monachorum
663 3585 782 3643 gregem
801 3567 858 3624 sibi
883 3568 1043 3636 associent,
1062 3575 1092 3625 et
1114 3587 1216 3626 eorum

254 3651 347 3710 vitam
365 3660 499 3710 sanctam
521 3660 582 3710 tum
600 3652 730 3709 moribus
749 3659 900 3710 exornent.
946 3652 1024 3717 Quae
1047 3654 1145 3709 omnia
1164 3651 1215 3709 de-

212 3751 242 3795 35
254 3745 349 3806 creta,
369 3737 393 3795 si
411 3737 477 3814 quis
495 3754 701 3796 successorum
719 3742 883 3794 vestrorum
897 3755 1008 3813 regum,
1025 3736 1086 3793 sive
1100 3735 1215 3813 episco-

255 3841 371 3899 porum,
380 3821 563 3891 elericorum,
574 3822 637 3880 sive
652 3821 805 3890 laieorum,
819 3821 899 3879 irrita
911 3821 1009 3880 lacere
1021 3821 1186 3888 tentaverit,
1199 3839 1216 3877 a

564 4089 570 4116 ¹
591 4091 639 4139 See
652 4091 688 4139 H.
704 4091 734 4141 E.
747 4103 777 4139 11.
792 4089 827 4137 ir.
841 4089 854 4150 ξ
868 4091 909 4136 99.
