2850 4890
450 379 630 429 Avoronn
648 379 736 426 vnn.
756 379 868 425 nnus.
1094 363 1137 435 69

177 559 297 627 regens
312 544 568 621 monasterium,
583 544 676 626 quod
692 544 794 607 situm
810 550 864 607 est
881 542 918 604 in
933 542 1021 619 loco,
1035 561 1136 624 quem
1155 549 1189 599 Α.
1200 551 1301 600 noer.

180 639 304 706 Coludi
319 641 448 707 Urbem
465 652 677 727 nuncupant,
692 646 854 728 religione
872 645 1001 727 pariter
1021 653 1056 707 et
1075 664 1137 707 no-

178 741 313 808 bilitate
344 745 478 809 cunctis
511 745 732 824 honorabilis,
761 765 910 828 namque
940 752 1014 809 erat
1042 764 1136 808 soror

178 843 315 908 uterina
329 846 416 926 regis
433 843 554 909 Osuiu.
600 846 689 910 Haeo
710 847 754 910 ad
775 847 886 910 virum
900 845 966 909 Dei
986 846 1137 923 mittens,

147 944 323 1025 erogavit,
338 954 377 1010 ut
392 966 429 1010 se
444 966 613 1030 suumque
628 947 873 1011 monasterium
889 947 1001 1029 gratia
1014 947 1136 1011 exhor-

179 1045 321 1109 tationis
346 1046 493 1112 invisere
519 1048 726 1129 dignaretur.
769 1046 845 1112 Nec
872 1066 997 1129 negare
1022 1048 1137 1130 potuit

179 1146 272 1228 quod
288 1148 331 1212 ab
347 1168 388 1211 eo
403 1149 531 1213 caritas
549 1170 594 1213 ex
609 1151 743 1214 ancillae
759 1149 827 1214 Dei
844 1149 946 1213 corde
966 1150 1136 1232 poposcit.

179 1245 286 1312 Venit
305 1248 409 1330 igitur
428 1251 473 1313 ad
491 1251 616 1329 locum,
630 1251 772 1335 diesque
788 1250 924 1333 aliquot
936 1251 985 1313 ibi
1003 1268 1137 1331 perma-

178 1367 265 1412 nens
292 1351 384 1416 viam
408 1350 568 1433 justitiae,
597 1371 701 1434 quam
730 1353 953 1434 praedicabat,
980 1351 1138 1414 omnibus

132 1467 166 1511 10
180 1457 260 1513 actu
275 1452 401 1532 pariter
415 1459 450 1516 et
462 1471 617 1516 sermone
632 1453 818 1535 pandebat.

224 1550 311 1634 517.
344 1551 513 1630 Quicum
536 1573 629 1616 more
653 1553 719 1618 sibi
744 1555 858 1630 solito,
881 1553 1136 1635 quiescentibus
1156 1575 1248 1615 circum.

178 1661 283 1717 noctu
312 1655 446 1731 ceteris,
467 1656 511 1719 ad
534 1656 720 1720 orationem
745 1656 839 1720 solus
862 1656 982 1733 exiret,
1001 1662 1037 1718 et
1058 1663 1138 1737 post
1155 1635 1291 1715 illiba

179 1756 300 1838 longas
315 1757 530 1839 intempestae
545 1759 656 1822 noctis
672 1758 807 1840 vigilias
822 1758 972 1833 tandem,
986 1756 1137 1819 instante
1153 1739 1224 1766 ⁰⁶⁰⁰*

179 1857 264 1921 hora
274 1858 463 1922 communis
475 1878 661 1941 synaxeos,
674 1861 811 1923 domum
823 1859 965 1939 rediret3
988 1855 1138 1940 quadam

135 1965 281 2021 rsnocte
299 1978 388 2022 unus
408 1980 427 2023 e
448 1959 627 2024 Fratribus
650 1961 803 2044 ejusdem
826 1959 1036 2036 monasterii,
1059 1978 1138 2022 oum

177 2059 403 2140 egredientem
417 2060 514 2123 illum
534 2061 672 2126 silentio
687 2069 849 2140 comeret,
864 2061 1022 2125 clanculo
1042 2079 1139 2124 secu-

179 2168 235 2224 tus
265 2160 339 2244 ejus
368 2163 527 2244 vestigia,
555 2183 624 2246 quo
653 2165 712 2240 ire,
739 2163 867 2245 quidve
895 2182 995 2243 agere
1023 2161 1139 2233 vellet,

181 2261 382 2343 dignoscere
397 2265 582 2346 quaerebat.
615 2264 665 2328 At
680 2265 737 2327 ille
752 2283 910 2345 egressus
921 2263 1139 2339 monasterio,

180 2374 347 2445 sequente
376 2365 603 2448 exploratore,
633 2365 811 2428 descendit
839 2365 883 2428 ad
909 2381 1013 2441 mare,
1039 2364 1138 2446 cujus

135 2482 169 2528 ao
180 2463 267 2547 ripae
294 2467 536 2529 monasterium
563 2467 654 2530 idem
680 2467 932 2549 superpositum
962 2472 1054 2545 erat3
1087 2464 1139 2527 in·

180 2585 385 2649 gressusque
414 2567 629 2630 altitudinem
658 2568 773 2643 maris
803 2567 911 2630 donec
939 2567 984 2630 ad
1013 2565 1138 2629 collum

180 2686 291 2750 usque
312 2688 353 2732 ac
372 2669 512 2733 brachia
532 2669 624 2733 unda
643 2676 777 2732 tumens
799 2669 1008 2749 adsurgeret,
1027 2667 1139 2750 pervi-

180 2769 265 2851 giles
279 2769 457 2833 undisonis
472 2771 508 2833 in
522 2770 682 2833 laudibus
700 2770 859 2833 tenebras
878 2767 992 2831 noctis
1013 2767 1138 2848 exegit.

178 2869 490 2952 Appropinquante
522 2878 638 2935 autem
676 2870 838 2949 diluculo,
876 2869 1066 2933 ascendens
1102 2868 1138 2930 in

135 2990 167 3034 25
180 2977 316 3048 terram,
330 2972 442 3034 denuo
458 2972 566 3054 coepit
579 2972 615 3034 in
628 2972 743 3035 littore
758 2971 858 3035 flexis
875 2971 1017 3052 genibus
1031 2988 1137 3033 orare.

182 3069 285 3148 Quod
308 3072 389 3135 dum
416 3079 543 3154 ageret,
565 3093 688 3137 venere
715 3073 877 3136 continuo
900 3073 967 3135 duo
990 3071 1033 3135 de
1061 3089 1140 3153 pro·

180 3171 287 3235 fundo
302 3173 405 3236 maris
417 3173 664 3255 quadrupedia,
679 3193 758 3256 quae
770 3173 872 3254 vulgo
886 3172 1002 3236 Lutrae
1013 3190 1140 3236 vocan-

180 3282 245 3338 tur.
290 3273 379 3337 Haec
393 3280 474 3338 ante
488 3275 584 3337 illum
598 3280 709 3338 strata
723 3275 759 3337 in
774 3293 890 3350 arena,
907 3273 1059 3336 anhelitu
1074 3292 1138 3336 suo

180 3375 286 3457 pedes
312 3376 388 3458 ejus
413 3375 528 3438 fovere
554 3382 741 3456 coeperunt,
763 3394 804 3438 ao
830 3375 912 3439 villo
933 3375 1141 3455 satagebant

136 3483 378 3557 aoextergere3
412 3475 649 3557 completoque
675 3475 875 3552 ministerio,
904 3482 1066 3557 percepta
1096 3476 1139 3538 ab

181 3597 223 3640 eo
246 3577 495 3653 benedictione,
518 3576 650 3658 patrias
673 3584 753 3638 sunt
779 3576 915 3658 relapsa
935 3577 999 3639 sub
1019 3576 1140 3639 undas·

182 3677 264 3761 lpse
288 3678 423 3740 domum
451 3697 619 3754 reversus,
646 3678 831 3740 canonicos
858 3696 935 3739 oum
963 3675 1141 3740 Fratribus

225 3948 339 3999 2(Ίοὶιιάί
369 3945 478 4018 Urbem]
519 3950 642 4010 Colding-
712 3945 731 3976 ¹⁴
749 3949 883 4006 Communis
894 3943 1032 4015 synaxeos]
1070 3949 1140 3996 Mat·

182 4021 241 4070 ham
259 4023 286 4069 in
307 4021 506 4070 Berwickshire.
539 4021 589 4069 See
606 4021 643 4068 H.
676 4018 736 4081 tine,
748 4033 777 4067 or
788 4020 875 4079 laude,
888 4019 1033 4069 celebrated
1050 4023 1078 4068 at
1096 4018 1139 4066 the

183 4092 214 4140 E.
229 4092 265 4139 iv.
278 4095 319 4141 19.
676 4089 753 4138 dawn
766 4088 795 4137 ol
804 4090 864 4150 day.
