2850 4890
251 344 314 411 120
535 356 626 405 vrrs
643 356 673 404 s
689 333 922 418 cunnnncrr,

78 536 110 585 a.
124 535 154 585 ι).
164 540 222 587 aar.
249 520 380 584 auxilio
394 518 579 584 destitutus
591 518 751 596 humano,
764 516 882 602 aliqua
897 526 1033 602 paterer
1045 519 1203 584 adversa.

250 621 441 706 Postquam
454 621 542 686 euim
560 640 583 684 a
595 641 649 684 me
664 620 806 704 digressi
819 622 903 685 estis
919 621 1083 686 continuo
1098 622 1205 703 coepit

249 724 482 806 ingravescere
505 722 667 805 langu0r;
689 723 836 806 ideoque
859 722 902 786 de
927 742 1004 786 mea
1025 723 1203 786 mansione

249 825 423 907 egrediens
441 826 508 890 huc
528 825 667 902 intravi,
682 833 721 889 ut
739 825 935 908 quicunque
949 831 1103 888 vestrum
1120 823 1203 886 mihi

248 927 473 991 ministraturi
495 926 705 1004 advenirent,
723 925 778 990 hic
798 945 853 990 me
871 926 1024 990 invenire
1046 932 1200 1008 possent,
1228 945 1242 987 s

248 1046 311 1091 nec
336 1046 447 1092 meam
471 1028 682 1092 mansionem
706 1046 849 1091 necesse
872 1026 1039 1090 haberent
1060 1026 1202 1107 ingredi.

249 1128 304 1192 Rs
329 1148 398 1211 quo
426 1135 540 1193 autem
567 1128 759 1210 ingrediens
789 1127 854 1191 hac
883 1128 920 1190 in
945 1127 1027 1191 sede
1050 1129 1202 1191 membra

248 1230 437 1312 composui,
451 1248 517 1293 non
538 1229 630 1292 movi
650 1247 704 1291 me
724 1228 814 1305 binc,
830 1227 890 1292 sed
911 1229 1062 1311 quinque
1080 1226 1201 1291 diebus

247 1330 301 1395 his
326 1339 361 1395 et
386 1332 544 1395 noctibus
567 1329 623 1392 bic
647 1330 784 1412 quietus
809 1330 992 1411 permansi.
1037 1329 1103 1393 Cui
1127 1347 1201 1410 ego,

247 1432 292 1497 Et
317 1432 500 1517 quomodo,
525 1432 678 1515 inquam,
707 1429 843 1494 domine
872 1431 920 1493 mi
949 1430 1123 1512 episcope,
1148 1431 1241 1494 siclo

246 1534 363 1599 vivere
388 1533 556 1617 potuisti?
600 1531 693 1595 Num
723 1532 854 1614 absque
883 1531 951 1595 cibi
980 1531 1200 1614 perceptione

246 1642 343 1699 tanto
357 1645 508 1717 tempore
523 1633 704 1698 mansisti?
748 1632 836 1695 Tum
853 1632 921 1709 ille,
935 1638 1064 1697 retecto
1083 1633 1201 1697 lectis·

246 1737 366 1815 ternio,
381 1738 437 1799 cui
457 1734 715 1817 supersedebat,
738 1733 890 1798 ostendit
907 1734 954 1797 ibi
974 1752 1078 1816 cepas
1099 1735 1199 1818 quin-

244 1857 312 1920 que
335 1835 542 1911 reconditas,
568 1841 603 1898 et
626 1835 686 1912 ait,
710 1833 780 1897 Hic
805 1834 888 1898 milri
910 1835 1022 1900 victus
1045 1843 1121 1900 erat
1143 1835 1198 1900 his

243 1939 373 2002 diebus.
420 1934 702 2017 Quotiescunque
723 1936 813 1999 enim
831 1955 871 1999 os
892 1936 1052 2000 ariditate
1072 1956 1114 2001 ac
1136 1937 1195 2001 siti
1209 1956 1239 2000 rs

241 2039 346 2103 nimia
368 2036 522 2112 ardebat,
549 2035 623 2099 haec
652 2036 822 2117 gustando
851 2056 906 2100 me
931 2036 1128 2118 refrigerare
1154 2058 1196 2102 ac

239 2157 392 2205 recreare
406 2138 534 2201 curavi.
578 2135 789 2222 (Videbatur
809 2146 923 2202 autem
943 2158 1013 2203 una
1032 2139 1075 2203 de
1098 2140 1197 2222 cepis

240 2243 353 2305 minus
376 2259 480 2323 quam
504 2238 645 2302 dimidia
665 2247 763 2322 parte
783 2241 951 2326 corrosa.)
995 2241 1142 2325 Insuper
1160 2249 1196 2306 et

240 2349 492 2409 ‹ronceuatores
508 2339 575 2402 mei
593 2359 770 2423 nunquam
789 2362 851 2424 per
870 2362 970 2407 omne
990 2349 1136 2425 tempus,
1149 2362 1194 2407 ex

240 2464 308 2531 quo
320 2445 354 2508 in
370 2443 435 2506 hac
451 2441 565 2505 insula
580 2444 774 2507 conversari
789 2443 893 2526 coepi,
906 2451 959 2507 tot
976 2442 1058 2511 mihi
1078 2463 1193 2527 perse·
1205 2464 1238 2509 ao

239 2547 404 2621 cutioneS,
434 2551 519 2627 quot
547 2544 583 2606 in
611 2542 665 2606 bis
692 2545 844 2627 quinque
874 2546 1008 2624 diebus,
1036 2546 1193 2610 intulere.

243 2651 320 2717 Nou
336 2647 504 2714 irridebam
519 2646 737 2728 interrogare,
753 2667 831 2730 quae
847 2655 965 2712 essent
983 2647 1193 2712 tentationes

238 2754 281 2823 do
304 2751 427 2837 quibus
454 2748 609 2828 dixerat3
631 2755 765 2811 tantum
793 2750 920 2830 rogavi,
948 2756 988 2812 ut
1016 2749 1192 2813 ministros

237 2855 435 2939 strsripmrot.
480 2848 614 2913 Adnuit
632 2850 703 2928 ille,
722 2857 757 2914 et
775 2850 944 2933 quosdam
964 2859 1119 2914 nostrum
1138 2870 1192 2914 se-

238 2978 315 3031 rum
333 2955 483 3030 mtinuit,
497 2953 531 3016 in
551 2954 676 3036 quibus
698 2960 771 3016 erat
790 2953 900 3037 major
920 2953 1029 3018 Baeda
1050 2955 1234 3037 presby-25

240 3078 300 3135 tor.
314 3060 373 3147 qui
388 3055 575 3123 ruinisterio
597 3054 670 3137 ejus
690 3052 905 3118 familiariter
920 3074 1053 3138 semper
1068 3054 1191 3119 adesse

238 3165 471 3237 ruursueverat.
533 3155 685 3238 Ideoque
725 3154 947 3219 donationum
979 3158 1191 3239 acceptatio-

240 3286 385 3355 uutuquo
400 3261 474 3349 «qus
487 3256 637 3322 omnium
648 3257 807 3320 conscius
819 3264 892 3320 erat
903 3257 1076 3335 indubius,
1088 3278 1190 3339 quem

239 3376 286 3443 ab
306 3372 339 3441 td
362 3365 509 3435 trtaxlmo
534 3379 650 3425 secum
670 3377 806 3421 manere
827 3359 946 3437 voluit,
965 3367 1004 3423 ut
1026 3361 1056 3423 si
1073 3361 1189 3444 cujus-

240 3480 321 3551 Μ
342 3466 494 3555 seuoptis
523 3462 717 3528 muneribus
741 3459 845 3542 digna
871 3463 1232 3544 recompensationem

242 3602 312 3653 m
330 3570 571 3663 mundaret,
592 3564 686 3629 illius
709 3563 940 3628 admonitione
961 3566 1124 3628 recoleret
1143 3572 1188 3642 et,

244 3696 436 3769 twffll
455 3672 573 3747 turino,
588 3686 652 3731 sua
673 3664 795 3746 cuique
815 3666 1019 3729 restitueret.
1064 3664 1132 3728 Sed
1153 3673 1188 3729 et

246 3788 349 3865 ,ω
364 3774 530 3869 quosdam
550 3771 592 3837 de
614 3767 790 3831 Fratribus
812 3767 1018 3848 specialiter,
1037 3774 1076 3830 ut
1099 3769 1188 3831 inter

249 3892 423 3969 ,Q
446 3876 513 3951 sibi
546 3871 693 3947 adesset,
728 3866 942 3949 designavitq
985 3868 1046 3951 qui
1083 3869 1185 3952 longo

251 3980 518 4079 qfflfflfflss
536 3976 628 4045 tluxu
650 3969 797 4053 graviter
818 3971 1017 4050 aegrotabat,
1033 3990 1145 4052 neque
1161 3992 1183 4035 a
1197 3991 1227 4034 as

257 4092 529 4179 ,wat
540 4073 670 4153 ruauh
693 4070 753 4136 sed
769 4070 889 4134 merito
905 4071 1091 4153 religionis,
1106 4093 1184 4155 pru-
