2850 4890
258 333 301 397 58
542 351 632 396 vrri
650 350 680 397 s.
699 349 932 411 cunnnncrr,

86 508 231 572 amour.
259 507 506 592 hospitalitatis
531 511 645 574 studio
672 511 808 575 devota.
853 509 990 586 ‘Ecca'
1012 509 1134 591 inquit,
1155 508 1216 571 ‘in

257 611 391 688 itinere,
414 631 482 693 quo
511 613 622 689 vadis,
646 613 776 676 nullum
801 613 964 689 viculum,
988 612 1085 675 nulla
1109 611 1216 673 homi·

257 732 339 775 num
354 712 553 776 habitacula
564 714 713 795 reperies
726 735 734 794 ;
757 721 791 777 et
806 715 944 796 quidem
957 715 1094 795 longum
1107 717 1216 776 restat

258 813 334 889 iter,
348 833 459 896 neque
472 811 552 878 an'te
564 815 649 878 solis
664 817 858 879 occubitum
868 816 964 881 valet
975 813 1215 878 consummari.

260 912 361 977 Unde
384 934 504 995 precor
524 923 709 998 antequam
728 917 914 998 egrediaris
936 916 1088 997 accipias
1109 915 1217 989 cibos,
1244 931 1259 974 t

260 1034 303 1077 ne
317 1022 393 1078 tota
412 1015 467 1078 die
482 1014 651 1099 jejunium
666 1018 844 1094 sustinere,
861 1018 916 1081 vel
936 1018 1038 1080 etiam
1058 1034 1216 1098 procras-

259 1116 369 1179 tinare
384 1118 538 1198 cogaris!
580 1117 630 1181 At
648 1118 716 1194 ille,
736 1120 893 1201 quamvis
911 1120 1055 1183 multum
1073 1123 1216 1200 rogante

258 1217 397 1294 semina,
411 1219 563 1300 rogantis
577 1218 779 1282 instantiam
789 1220 962 1302 religionis
973 1206 1087 1283 amore
1098 1218 1218 1284 devin-

261 1338 354 1395 cens,
363 1319 503 1402 jejunus
519 1320 608 1383 diem
623 1319 724 1384 duxit
739 1321 783 1384 ad
798 1340 989 1404 vesperum.

304 1418 368 1502 §la
390 1419 555 1503 Cumque,
575 1421 726 1485 instante
740 1420 814 1504 jam
834 1442 989 1505 vespera,
1005 1427 1158 1486 comeret
1177 1437 1261 1483 se1o

259 1522 336 1597 iter,
349 1521 440 1603 quod
456 1527 692 1605 proposuerat,
706 1523 823 1586 eodem
840 1523 895 1588 die
910 1543 980 1587 non
993 1541 1097 1605 posse
1110 1521 1217 1598 finire,

259 1641 372 1704 neque
392 1622 464 1685 ulla
481 1623 518 1684 iu
536 1622 693 1704 proximo
707 1623 881 1687 hominum
895 1623 1056 1705 hospitia,
1071 1622 1131 1685 ubi
1144 1641 1218 1684 ma-

259 1743 340 1787 nere
354 1730 483 1805 posset,
503 1724 636 1802 adesse,
651 1745 742 1801 ecce,
760 1726 873 1789 subito
896 1725 962 1789 iter
983 1725 1116 1789 faciens
1130 1723 1219 1787 vidit

255 1824 361 1907 juxta
388 1830 565 1904 pastorum
598 1826 746 1906 tuguria,
775 1845 853 1908 quae
887 1833 1009 1890 aestate
1044 1825 1219 1888 infirmiter

259 1925 385 2006 posita,
405 1930 487 1988 tunc
505 1925 580 2008 jam
604 1925 739 2017 deserta
758 1928 934 2009 patebant.
980 1926 1061 1991 Huc
1080 1933 1219 2009 propter
1230 1944 1262 1989 15

259 2025 466 2089 manendum
485 2025 687 2108 ingrediens,
702 2047 828 2110 equum
847 2028 883 2089 in
903 2046 972 2109 quo
986 2034 1128 2093 venerat
1143 2028 1218 2092 alli·

261 2127 356 2209 gavit
371 2127 416 2191 ad
430 2128 608 2209 parietem,
626 2129 875 2210 collectumque
896 2127 981 2191 foeni
1003 2127 1218 2203 fasciculum,

262 2248 363 2311 quem
381 2236 473 2292 tecto
492 2237 616 2293 ventus
636 2229 836 2305 abstulerat,
855 2229 1023 2292 edendum
1041 2229 1092 2291 illi
1111 2248 1219 2311 appo·

262 2331 341 2393 suit.
386 2330 468 2411 Ipse
489 2329 619 2393 orando
639 2328 757 2392 horam
777 2329 899 2393 ducere
918 2331 1035 2411 coepit,
1049 2337 1087 2393 at
1106 2329 1220 2391 subito

262 2431 350 2493 inter
366 2431 594 2511 psalmodiam
608 2430 697 2495 vidit
712 2450 836 2512 equum
852 2432 942 2494 elato
958 2449 1092 2494 sursum
1105 2431 1264 2512 capitem

262 2537 355 2594 tecta
384 2550 476 2594 casae
503 2539 698 2614 carpentem
723 2552 791 2610 ore,
811 2533 995 2616 josumque
1020 2530 1222 2607 trahentem,

263 2640 368 2714 atque
388 2634 477 2697 inter
496 2634 657 2697 cadentia
677 2633 772 2698 foena
791 2635 874 2697 tecti
888 2633 1080 2697 involutum
1093 2632 1222 2713 pariter

263 2734 417 2799 decidere
446 2735 608 2815 linteum;
650 2737 838 2818 volensque
866 2734 1065 2815 dignoscere
1095 2734 1221 2796 certius

263 2836 345 2917 quid
360 2842 463 2912 esset,
477 2837 575 2900 finita
590 2836 754 2915 oratione,
767 2836 915 2900 accessit
930 2843 964 2898 et
979 2835 1111 2899 invenit
1123 2835 1222 2898 invo-

262 2936 373 3000 lutum
401 2937 509 3000 linteo
539 2937 718 3001 dimidium
750 2938 851 3019 panis
878 2934 982 3000 calidi
1012 2943 1048 2999 et
1075 2952 1264 3011 carnemao

263 3056 341 3116 quae
367 3038 411 3100 ad
436 3058 540 3101 unam
567 3039 633 3102 sibi
656 3038 875 3102 refectionem
897 3037 1048 3101 sufficere
1067 3042 1221 3118 possent.

263 3134 483 3218 Laudemque
494 3138 684 3202 decantans
694 3138 868 3201 beneficiis
881 3137 1091 3214 coelestibus,
1105 3135 1222 3213 ‘De0,'

262 3235 385 3316 inquit,
408 3239 559 3317 ‘gratias
585 3258 661 3320 ago,
687 3239 746 3321 qui
768 3237 904 3301 etmihi
928 3257 990 3320 pro
1011 3256 1125 3301 amore
1147 3237 1222 3319 ejus

258 3336 442 3419 jejunanti,
456 3347 490 3402 et
502 3359 578 3403 meo
589 3341 705 3404 comiti
715 3358 849 3405 coenam
861 3340 1050 3421 praevidere
1062 3340 1222 3420 dignatus

264 3440 338 3499 est)
390 3437 521 3503 Divisit
549 3460 627 3522 ergo
653 3440 807 3522 fragmen
830 3441 942 3521 panis,
965 3439 1057 3522 quod
1081 3440 1266 3517 invenit,ao

262 3543 462 3620 partemque
478 3542 552 3623 ejus
568 3542 744 3605 dimidiam
758 3559 847 3622 equo
862 3541 966 3617 dedit,
978 3541 1143 3623 reliquam
1158 3559 1222 3604 suo

264 3638 339 3701 esui
366 3643 565 3719 reservavit,
595 3649 701 3724 atque
730 3660 775 3704 ex
797 3642 857 3704 illo
879 3641 953 3724 jam
977 3641 1032 3704 die
1057 3642 1223 3724 promtior

264 3737 377 3802 factus
393 3742 506 3804 estad
517 3741 755 3824 jejunandum,
769 3742 852 3824 quia
871 3743 1030 3805 nimirum
1049 3742 1224 3806 intellexit

299 3987 317 4018 ²¹
334 3991 625 4054 Joaenquetratentem]
656 3993 727 4044 ‘Ju-
759 4009 802 4042 um
822 3999 862 4042 est
882 3995 906 4042 ei
922 3995 1026 4059 Susum,
1037 3995 1080 4042 vel
1096 3991 1223 4044 Sursum!
1277 4038 1280 4044 .

264 4074 330 4123 sum,
343 4062 370 4108 id
388 4066 436 4124 est,
452 4063 588 4125 Densum,
605 4064 726 4113 contrari·
759 4064 975 4115 leudolenus.
