<?xml version="1.0" encoding="UTF-8"?>
<!DOCTYPE html PUBLIC "-//W3C//DTD XHTML 1.0 Transitional//EN"
    "http://www.w3.org/TR/xhtml1/DTD/xhtml1-transitional.dtd">
<html xmlns="http://www.w3.org/1999/xhtml" xml:lang="en" lang="en">
 <head>
  <title>
</title>
<meta http-equiv="Content-Type" content="text/html;charset=utf-8" />
  <meta name='ocr-system' content='tesseract 3.04.00' />
  <meta name='ocr-capabilities' content='ocr_page ocr_carea ocr_par ocr_line ocrx_word'/>
</head>
<body>
  <div class='ocr_page' id='page_1' title='image "./venerabilisbeda00bedegoog_0139.png"; bbox 0 0 2850 4890; ppageno 0'>
   <div class='ocr_carea' id='block_1_1' title="bbox 278 402 950 480">
    <p class='ocr_par' dir='ltr' id='par_1_1' title="bbox 278 402 950 480">
     <span class='ocr_line' id='line_1_1' title="bbox 278 402 950 480; baseline 0.001 -15"><span class='ocrx_word' id='word_1_1' title='bbox 278 402 342 468; x_wconf 87' lang='lat'>118</span> <span class='ocrx_word' id='word_1_2' title='bbox 560 419 653 467; x_wconf 73' lang='lat' dir='ltr'>vrrs</span> <span class='ocrx_word' id='word_1_3' title='bbox 671 418 700 466; x_wconf 88' lang='lat' dir='ltr'>s.</span> <span class='ocrx_word' id='word_1_4' title='bbox 717 418 950 480; x_wconf 81' lang='lat' dir='ltr'>cununucrr,</span> 
     </span>
    </p>
   </div>
   <div class='ocr_carea' id='block_1_2' title="bbox 111 574 1273 2485">
    <p class='ocr_par' dir='ltr' id='par_1_2' title="bbox 111 574 1273 2485">
     <span class='ocr_line' id='line_1_2' title="bbox 111 574 1235 661; baseline 0.004 -28"><span class='ocrx_word' id='word_1_5' title='bbox 111 588 143 635; x_wconf 79' lang='grc' dir='ltr'>Α.</span> <span class='ocrx_word' id='word_1_6' title='bbox 159 587 191 635; x_wconf 81' lang='grc'>1).</span> <span class='ocrx_word' id='word_1_7' title='bbox 204 589 263 636; x_wconf 72' lang='lat' dir='ltr'>ost.</span> <span class='ocrx_word' id='word_1_8' title='bbox 281 576 422 641; x_wconf 89' lang='lat' dir='ltr'>insolita</span> <span class='ocrx_word' id='word_1_9' title='bbox 447 576 584 642; x_wconf 90' lang='lat' dir='ltr'>diceret.</span> <span class='ocrx_word' id='word_1_10' title='bbox 629 576 705 642; x_wconf 88' lang='lat' dir='ltr'>Nec</span> <span class='ocrx_word' id='word_1_11' title='bbox 730 578 831 661; x_wconf 91' lang='lat' dir='ltr'>plura</span> <span class='ocrx_word' id='word_1_12' title='bbox 850 579 1074 660; x_wconf 85' lang='lat' dir='ltr'>interrogans,</span> <span class='ocrx_word' id='word_1_13' title='bbox 1095 575 1165 653; x_wconf 90' lang='lat' dir='ltr'>Da,</span> <span class='ocrx_word' id='word_1_14' title='bbox 1186 574 1235 638; x_wconf 88' lang='lat' dir='ltr'>in-</span> 
     </span>
     <span class='ocr_line' id='line_1_3' title="bbox 281 678 1235 762; baseline -0.004 -21"><span class='ocrx_word' id='word_1_15' title='bbox 281 696 396 761; x_wconf 88' lang='lat' dir='ltr'>quam,</span> <span class='ocrx_word' id='word_1_16' title='bbox 411 679 681 743; x_wconf 85' lang='lat' dir='ltr'>benedictionem</span> <span class='ocrx_word' id='word_1_17' title='bbox 701 679 812 756; x_wconf 91' lang='lat' dir='ltr'>nobis,</span> <span class='ocrx_word' id='word_1_18' title='bbox 827 679 910 762; x_wconf 86' lang='lat' dir='ltr'>quia</span> <span class='ocrx_word' id='word_1_19' title='bbox 922 678 997 762; x_wconf 90' lang='lat' dir='ltr'>jam</span> <span class='ocrx_word' id='word_1_20' title='bbox 1017 684 1158 760; x_wconf 86' lang='lat' dir='ltr'>tempus</span> <span class='ocrx_word' id='word_1_21' title='bbox 1174 693 1235 738; x_wconf 88' lang='lat' dir='ltr'>na-</span> 
     </span>
     <span class='ocr_line' id='line_1_4' title="bbox 281 775 1235 863; baseline -0.006 -19"><span class='ocrx_word' id='word_1_22' title='bbox 281 780 433 862; x_wconf 85' lang='lat' dir='ltr'>vigandi,</span> <span class='ocrx_word' id='word_1_23' title='bbox 445 800 486 845; x_wconf 89' lang='lat' dir='ltr'>ac</span> <span class='ocrx_word' id='word_1_24' title='bbox 496 780 632 844; x_wconf 91' lang='lat' dir='ltr'>domum</span> <span class='ocrx_word' id='word_1_25' title='bbox 645 780 821 863; x_wconf 90' lang='lat' dir='ltr'>repetendi</span> <span class='ocrx_word' id='word_1_26' title='bbox 835 779 944 844; x_wconf 89' lang='lat' dir='ltr'>adest.</span> <span class='ocrx_word' id='word_1_27' title='bbox 970 778 1104 856; x_wconf 90' lang='lat' dir='ltr'>Facite,</span> <span class='ocrx_word' id='word_1_28' title='bbox 1114 775 1235 859; x_wconf 90' lang='lat' dir='ltr'>inquit,</span> 
     </span>
     <span class='ocr_line' id='line_1_5' title="bbox 281 877 1236 961; baseline -0.004 -17"><span class='ocrx_word' id='word_1_29' title='bbox 281 888 321 945; x_wconf 91' lang='lat' dir='ltr'>ut</span> <span class='ocrx_word' id='word_1_30' title='bbox 340 882 439 961; x_wconf 85' lang='lat' dir='ltr'>dicis,</span> <span class='ocrx_word' id='word_1_31' title='bbox 453 881 630 947; x_wconf 78' lang='lat' dir='ltr'>ascendite</span> <span class='ocrx_word' id='word_1_32' title='bbox 649 901 784 958; x_wconf 91' lang='lat' dir='ltr'>navem,</span> <span class='ocrx_word' id='word_1_33' title='bbox 799 899 840 946; x_wconf 91' lang='lat' dir='ltr'>ac</span> <span class='ocrx_word' id='word_1_34' title='bbox 860 881 998 951; x_wconf 87' lang='lat' dir='ltr'>domum</span> <span class='ocrx_word' id='word_1_35' title='bbox 1015 878 1105 944; x_wconf 89' lang='lat' dir='ltr'>salvi</span> <span class='ocrx_word' id='word_1_36' title='bbox 1119 877 1236 942; x_wconf 82' lang='lat' dir='ltr'>redite</span> 
     </span>
     <span class='ocr_line' id='line_1_6' title="bbox 283 969 1273 1065; baseline -0.01 -16"><span class='ocrx_word' id='word_1_37' title='bbox 283 981 371 1049; x_wconf 85' lang='lat' dir='ltr'>Cum</span> <span class='ocrx_word' id='word_1_38' title='bbox 386 991 502 1048; x_wconf 89' lang='lat' dir='ltr'>autem</span> <span class='ocrx_word' id='word_1_39' title='bbox 517 982 614 1049; x_wconf 89' lang='lat' dir='ltr'>Deus</span> <span class='ocrx_word' id='word_1_40' title='bbox 629 982 820 1065; x_wconf 86' lang='lat' dir='ltr'>susceperit</span> <span class='ocrx_word' id='word_1_41' title='bbox 838 983 986 1047; x_wconf 89' lang='lat' dir='ltr'>animam</span> <span class='ocrx_word' id='word_1_42' title='bbox 999 999 1125 1057; x_wconf 88' lang='lat' dir='ltr'>meam,</span> <span class='ocrx_word' id='word_1_43' title='bbox 1139 969 1235 1062; x_wconf 81' lang='lat' dir='ltr'>sepe-</span> <span class='ocrx_word' id='word_1_44' title='bbox 1260 995 1273 1039; x_wconf 76' lang='lat' dir='ltr'>t</span> 
     </span>
     <span class='ocr_line' id='line_1_7' title="bbox 282 1082 1236 1168; baseline -0.006 -20"><span class='ocrx_word' id='word_1_45' title='bbox 282 1084 342 1150; x_wconf 90' lang='lat' dir='ltr'>lite</span> <span class='ocrx_word' id='word_1_46' title='bbox 365 1104 419 1149; x_wconf 89' lang='lat' dir='ltr'>me</span> <span class='ocrx_word' id='word_1_47' title='bbox 438 1086 475 1149; x_wconf 90' lang='lat' dir='ltr'>in</span> <span class='ocrx_word' id='word_1_48' title='bbox 491 1085 557 1149; x_wconf 93' lang='lat' dir='ltr'>hac</span> <span class='ocrx_word' id='word_1_49' title='bbox 583 1086 761 1150; x_wconf 85' lang='lat' dir='ltr'>mansione</span> <span class='ocrx_word' id='word_1_50' title='bbox 780 1083 886 1168; x_wconf 84' lang='lat' dir='ltr'>juxta</span> <span class='ocrx_word' id='word_1_51' title='bbox 906 1082 1105 1148; x_wconf 88' lang='lat' dir='ltr'>Oratorium</span> <span class='ocrx_word' id='word_1_52' title='bbox 1124 1099 1236 1145; x_wconf 91' lang='lat' dir='ltr'>meum</span> 
     </span>
     <span class='ocr_line' id='line_1_8' title="bbox 283 1183 1237 1270; baseline -0.005 -19"><span class='ocrx_word' id='word_1_53' title='bbox 283 1187 328 1251; x_wconf 93' lang='lat' dir='ltr'>ad</span> <span class='ocrx_word' id='word_1_54' title='bbox 352 1189 537 1266; x_wconf 89' lang='lat' dir='ltr'>meridiem,</span> <span class='ocrx_word' id='word_1_55' title='bbox 560 1194 681 1252; x_wconf 90' lang='lat' dir='ltr'>contra</span> <span class='ocrx_word' id='word_1_56' title='bbox 708 1185 908 1252; x_wconf 80' lang='lat' dir='ltr'>orientalem</span> <span class='ocrx_word' id='word_1_57' title='bbox 931 1186 1071 1270; x_wconf 85' lang='lat' dir='ltr'>plagam</span> <span class='ocrx_word' id='word_1_58' title='bbox 1098 1183 1237 1248; x_wconf 81' lang='lat' dir='ltr'>Sanctae</span> 
     </span>
     <span class='ocr_line' id='line_1_9' title="bbox 284 1283 1237 1372; baseline -0.009 -17"><span class='ocrx_word' id='word_1_59' title='bbox 284 1287 416 1366; x_wconf 87' lang='lat' dir='ltr'>crucis,</span> <span class='ocrx_word' id='word_1_60' title='bbox 434 1308 538 1372; x_wconf 90' lang='lat' dir='ltr'>quam</span> <span class='ocrx_word' id='word_1_61' title='bbox 557 1289 684 1353; x_wconf 88' lang='lat' dir='ltr'>ibidem</span> <span class='ocrx_word' id='word_1_62' title='bbox 707 1288 812 1353; x_wconf 85' lang='lat' dir='ltr'>erexi.</span> <span class='ocrx_word' id='word_1_63' title='bbox 853 1287 918 1352; x_wconf 89' lang='lat' dir='ltr'>Est</span> <span class='ocrx_word' id='word_1_64' title='bbox 941 1294 1058 1352; x_wconf 91' lang='lat' dir='ltr'>autem</span> <span class='ocrx_word' id='word_1_65' title='bbox 1076 1283 1122 1349; x_wconf 93' lang='lat' dir='ltr'>ad</span> <span class='ocrx_word' id='word_1_66' title='bbox 1141 1283 1237 1367; x_wconf 91' lang='lat' dir='ltr'>aqui·</span> 
     </span>
     <span class='ocr_line' id='line_1_10' title="bbox 282 1386 1238 1474; baseline -0.005 -20"><span class='ocrx_word' id='word_1_67' title='bbox 282 1390 431 1455; x_wconf 89' lang='lat' dir='ltr'>lonalem</span> <span class='ocrx_word' id='word_1_68' title='bbox 464 1390 618 1474; x_wconf 88' lang='lat' dir='ltr'>ejusdem</span> <span class='ocrx_word' id='word_1_69' title='bbox 649 1390 798 1456; x_wconf 85' lang='lat' dir='ltr'>Oratorii</span> <span class='ocrx_word' id='word_1_70' title='bbox 828 1397 962 1474; x_wconf 90' lang='lat' dir='ltr'>partem</span> <span class='ocrx_word' id='word_1_71' title='bbox 990 1386 1238 1470; x_wconf 82' lang='lat' dir='ltr'>sarcophagum</span> 
     </span>
     <span class='ocr_line' id='line_1_11' title="bbox 282 1486 1273 1577; baseline -0.008 -21"><span class='ocrx_word' id='word_1_72' title='bbox 282 1499 382 1557; x_wconf 88' lang='lat' dir='ltr'>terrae</span> <span class='ocrx_word' id='word_1_73' title='bbox 411 1493 542 1575; x_wconf 83' lang='lat' dir='ltr'>cespite</span> <span class='ocrx_word' id='word_1_74' title='bbox 570 1492 735 1571; x_wconf 90' lang='lat' dir='ltr'>abditum,</span> <span class='ocrx_word' id='word_1_75' title='bbox 763 1492 857 1577; x_wconf 90' lang='lat' dir='ltr'>quod</span> <span class='ocrx_word' id='word_1_76' title='bbox 886 1493 968 1557; x_wconf 92' lang='lat' dir='ltr'>olim</span> <span class='ocrx_word' id='word_1_77' title='bbox 1001 1489 1085 1554; x_wconf 90' lang='lat' dir='ltr'>mihi</span> <span class='ocrx_word' id='word_1_78' title='bbox 1116 1486 1238 1553; x_wconf 86' lang='lat' dir='ltr'>Cudda</span> <span class='ocrx_word' id='word_1_79' title='bbox 1247 1502 1273 1547; x_wconf 86' lang='lat' dir='ltr'>1o</span> 
     </span>
     <span class='ocr_line' id='line_1_12' title="bbox 282 1593 1237 1672; baseline -0.007 -14"><span class='ocrx_word' id='word_1_80' title='bbox 282 1594 487 1658; x_wconf 88' lang='lat' dir='ltr'>venerabilis</span> <span class='ocrx_word' id='word_1_81' title='bbox 508 1595 616 1659; x_wconf 89' lang='lat' dir='ltr'>abbas</span> <span class='ocrx_word' id='word_1_82' title='bbox 637 1594 791 1659; x_wconf 87' lang='lat' dir='ltr'>donavit.</span> <span class='ocrx_word' id='word_1_83' title='bbox 836 1593 879 1659; x_wconf 93' lang='lat' dir='ltr'>In</span> <span class='ocrx_word' id='word_1_84' title='bbox 898 1594 964 1657; x_wconf 91' lang='lat' dir='ltr'>hoc</span> <span class='ocrx_word' id='word_1_85' title='bbox 981 1611 1094 1655; x_wconf 91' lang='lat' dir='ltr'>meum</span> <span class='ocrx_word' id='word_1_86' title='bbox 1113 1606 1237 1672; x_wconf 87' lang='lat' dir='ltr'>corpus</span> 
     </span>
     <span class='ocr_line' id='line_1_13' title="bbox 282 1690 1235 1778; baseline -0.005 -18"><span class='ocrx_word' id='word_1_87' title='bbox 282 1696 448 1778; x_wconf 89' lang='lat' dir='ltr'>reponite,</span> <span class='ocrx_word' id='word_1_88' title='bbox 462 1695 677 1761; x_wconf 87' lang='lat' dir='ltr'>involventes</span> <span class='ocrx_word' id='word_1_89' title='bbox 697 1696 733 1760; x_wconf 90' lang='lat' dir='ltr'>in</span> <span class='ocrx_word' id='word_1_90' title='bbox 751 1695 908 1772; x_wconf 87' lang='lat' dir='ltr'>sindone,</span> <span class='ocrx_word' id='word_1_91' title='bbox 928 1713 1032 1777; x_wconf 90' lang='lat' dir='ltr'>quam</span> <span class='ocrx_word' id='word_1_92' title='bbox 1054 1690 1235 1757; x_wconf 83' lang='lat' dir='ltr'>invenietis</span> 
     </span>
     <span class='ocr_line' id='line_1_14' title="bbox 282 1793 1236 1880; baseline -0.008 -18"><span class='ocrx_word' id='word_1_93' title='bbox 282 1797 373 1862; x_wconf 91' lang='lat' dir='ltr'>istic.</span> <span class='ocrx_word' id='word_1_94' title='bbox 429 1796 536 1861; x_wconf 90' lang='lat' dir='ltr'>Nolui</span> <span class='ocrx_word' id='word_1_95' title='bbox 563 1797 702 1880; x_wconf 90' lang='lat' dir='ltr'>quidem</span> <span class='ocrx_word' id='word_1_96' title='bbox 729 1816 772 1861; x_wconf 88' lang='lat' dir='ltr'>ea</span> <span class='ocrx_word' id='word_1_97' title='bbox 799 1798 921 1862; x_wconf 86' lang='lat' dir='ltr'>vivens</span> <span class='ocrx_word' id='word_1_98' title='bbox 951 1795 1058 1872; x_wconf 90' lang='lat' dir='ltr'>indui,</span> <span class='ocrx_word' id='word_1_99' title='bbox 1087 1793 1150 1858; x_wconf 86' lang='lat' dir='ltr'>sed</span> <span class='ocrx_word' id='word_1_100' title='bbox 1178 1810 1236 1875; x_wconf 92' lang='lat' dir='ltr'>pro</span> 
     </span>
     <span class='ocr_line' id='line_1_15' title="bbox 284 1893 1237 1981; baseline -0.005 -19"><span class='ocrx_word' id='word_1_101' title='bbox 284 1917 398 1962; x_wconf 91' lang='lat' dir='ltr'>amore</span> <span class='ocrx_word' id='word_1_102' title='bbox 418 1897 552 1963; x_wconf 83' lang='lat' dir='ltr'>dilectae</span> <span class='ocrx_word' id='word_1_103' title='bbox 572 1898 649 1963; x_wconf 91' lang='lat' dir='ltr'>Deo</span> <span class='ocrx_word' id='word_1_104' title='bbox 670 1897 818 1976; x_wconf 83' lang='lat' dir='ltr'>feminee,</span> <span class='ocrx_word' id='word_1_105' title='bbox 831 1917 909 1981; x_wconf 88' lang='lat' dir='ltr'>quae</span> <span class='ocrx_word' id='word_1_106' title='bbox 928 1897 1017 1962; x_wconf 88' lang='lat' dir='ltr'>hanc</span> <span class='ocrx_word' id='word_1_107' title='bbox 1031 1895 1115 1960; x_wconf 91' lang='lat' dir='ltr'>mihi</span> <span class='ocrx_word' id='word_1_108' title='bbox 1135 1893 1237 1970; x_wconf 89' lang='lat' dir='ltr'>misit,</span> 
     </span>
     <span class='ocr_line' id='line_1_16' title="bbox 283 1997 1272 2077; baseline -0.01 -14"><span class='ocrx_word' id='word_1_109' title='bbox 283 1997 405 2063; x_wconf 79' lang='lat' dir='ltr'>Versae</span> <span class='ocrx_word' id='word_1_110' title='bbox 424 1998 585 2064; x_wconf 91' lang='lat' dir='ltr'>videlicet</span> <span class='ocrx_word' id='word_1_111' title='bbox 605 1998 803 2077; x_wconf 85' lang='lat' dir='ltr'>abbatissae,</span> <span class='ocrx_word' id='word_1_112' title='bbox 825 1999 870 2064; x_wconf 90' lang='lat' dir='ltr'>ad</span> <span class='ocrx_word' id='word_1_113' title='bbox 889 1997 1142 2063; x_wconf 89' lang='lat' dir='ltr'>obvolvendum</span> <span class='ocrx_word' id='word_1_114' title='bbox 1166 2011 1272 2060; x_wconf 77' lang='lat' dir='ltr'>cor-1⁵</span> 
     </span>
     <span class='ocr_line' id='line_1_17' title="bbox 282 2095 1237 2182; baseline -0.002 -20"><span class='ocrx_word' id='word_1_115' title='bbox 282 2119 349 2182; x_wconf 82' lang='lat' dir='ltr'>pus</span> <span class='ocrx_word' id='word_1_116' title='bbox 369 2118 481 2163; x_wconf 91' lang='lat' dir='ltr'>meum</span> <span class='ocrx_word' id='word_1_117' title='bbox 498 2119 672 2164; x_wconf 86' lang='lat' dir='ltr'>reservare</span> <span class='ocrx_word' id='word_1_118' title='bbox 688 2100 814 2165; x_wconf 85' lang='lat' dir='ltr'>curavi.</span> <span class='ocrx_word' id='word_1_119' title='bbox 859 2097 1015 2163; x_wconf 89' lang='lat' dir='ltr'>Audiens</span> <span class='ocrx_word' id='word_1_120' title='bbox 1029 2098 1115 2175; x_wconf 84' lang='lat' dir='ltr'>haec,</span> <span class='ocrx_word' id='word_1_121' title='bbox 1129 2095 1237 2162; x_wconf 81' lang='lat' dir='ltr'>Obse-</span> 
     </span>
     <span class='ocr_line' id='line_1_18' title="bbox 284 2199 1237 2284; baseline -0.003 -20"><span class='ocrx_word' id='word_1_122' title='bbox 284 2219 352 2278; x_wconf 91' lang='lat' dir='ltr'>cro,</span> <span class='ocrx_word' id='word_1_123' title='bbox 366 2202 516 2283; x_wconf 90' lang='lat' dir='ltr'>inquam,</span> <span class='ocrx_word' id='word_1_124' title='bbox 529 2207 628 2283; x_wconf 90' lang='lat' dir='ltr'>pater</span> <span class='ocrx_word' id='word_1_125' title='bbox 642 2201 726 2284; x_wconf 88' lang='lat' dir='ltr'>quia</span> <span class='ocrx_word' id='word_1_126' title='bbox 742 2201 969 2265; x_wconf 88' lang='lat' dir='ltr'>infirmantem</span> <span class='ocrx_word' id='word_1_127' title='bbox 989 2207 1024 2264; x_wconf 89' lang='lat' dir='ltr'>et</span> <span class='ocrx_word' id='word_1_128' title='bbox 1040 2199 1237 2263; x_wconf 89' lang='lat' dir='ltr'>moriturum</span> 
     </span>
     <span class='ocr_line' id='line_1_19' title="bbox 284 2300 1237 2384; baseline -0.003 -20"><span class='ocrx_word' id='word_1_129' title='bbox 284 2307 318 2364; x_wconf 89' lang='lat' dir='ltr'>te</span> <span class='ocrx_word' id='word_1_130' title='bbox 334 2301 447 2378; x_wconf 90' lang='lat' dir='ltr'>audio,</span> <span class='ocrx_word' id='word_1_131' title='bbox 459 2301 596 2384; x_wconf 89' lang='lat' dir='ltr'>aliquos</span> <span class='ocrx_word' id='word_1_132' title='bbox 608 2301 651 2365; x_wconf 92' lang='lat' dir='ltr'>de</span> <span class='ocrx_word' id='word_1_133' title='bbox 664 2301 842 2367; x_wconf 84' lang='lat' dir='ltr'>Fratribus</span> <span class='ocrx_word' id='word_1_134' title='bbox 853 2301 908 2366; x_wconf 91' lang='lat' dir='ltr'>hic</span> <span class='ocrx_word' id='word_1_135' title='bbox 922 2300 1237 2365; x_wconf 88' lang='lat' dir='ltr'>administrandum</span> 
     </span>
     <span class='ocr_line' id='line_1_20' title="bbox 283 2401 1237 2485; baseline -0.001 -20"><span class='ocrx_word' id='word_1_136' title='bbox 283 2401 531 2466; x_wconf 89' lang='lat' dir='ltr'>tibiremanere</span> <span class='ocrx_word' id='word_1_137' title='bbox 545 2403 735 2485; x_wconf 89' lang='lat' dir='ltr'>permittas.</span> <span class='ocrx_word' id='word_1_138' title='bbox 778 2401 1237 2484; x_wconf 89' lang='lat' dir='ltr'>Atille,1te,inquit,modo,</span> 
     </span>
    </p>
   </div>
   <div class='ocr_carea' id='block_1_3' title="bbox 279 2500 1276 3197">
    <p class='ocr_par' dir='ltr' id='par_1_3' title="bbox 279 2500 1276 3197">
     <span class='ocr_line' id='line_1_21' title="bbox 285 2500 1273 2588; baseline -0.002 -21"><span class='ocrx_word' id='word_1_139' title='bbox 285 2509 438 2585; x_wconf 89' lang='lat' dir='ltr'>tempore</span> <span class='ocrx_word' id='word_1_140' title='bbox 461 2510 575 2569; x_wconf 91' lang='lat' dir='ltr'>autem</span> <span class='ocrx_word' id='word_1_141' title='bbox 597 2513 791 2587; x_wconf 91' lang='lat' dir='ltr'>opportuno</span> <span class='ocrx_word' id='word_1_142' title='bbox 813 2505 931 2571; x_wconf 88' lang='lat' dir='ltr'>redite.</span> <span class='ocrx_word' id='word_1_143' title='bbox 982 2503 1138 2588; x_wconf 84' lang='lat' dir='ltr'>Cumque</span> <span class='ocrx_word' id='word_1_144' title='bbox 1164 2500 1273 2566; x_wconf 83' lang='lat' dir='ltr'>dili-n</span> 
     </span>
     <span class='ocr_line' id='line_1_22' title="bbox 285 2603 1237 2688; baseline 0.001 -21"><span class='ocrx_word' id='word_1_145' title='bbox 285 2603 420 2685; x_wconf 86' lang='lat' dir='ltr'>gentius</span> <span class='ocrx_word' id='word_1_146' title='bbox 440 2605 637 2683; x_wconf 82' lang='lat' dir='ltr'>obsecrans,</span> <span class='ocrx_word' id='word_1_147' title='bbox 655 2614 694 2670; x_wconf 90' lang='lat' dir='ltr'>ut</span> <span class='ocrx_word' id='word_1_148' title='bbox 713 2607 939 2671; x_wconf 88' lang='lat' dir='ltr'>ministerium</span> <span class='ocrx_word' id='word_1_149' title='bbox 958 2605 1161 2688; x_wconf 87' lang='lat' dir='ltr'>susciperet,</span> <span class='ocrx_word' id='word_1_150' title='bbox 1180 2623 1237 2668; x_wconf 91' lang='lat' dir='ltr'>ne·</span> 
     </span>
     <span class='ocr_line' id='line_1_23' title="bbox 284 2705 1238 2791; baseline 0.002 -23"><span class='ocrx_word' id='word_1_151' title='bbox 284 2724 460 2789; x_wconf 89' lang='lat' dir='ltr'>quaquam</span> <span class='ocrx_word' id='word_1_152' title='bbox 477 2707 659 2791; x_wconf 89' lang='lat' dir='ltr'>impetrare</span> <span class='ocrx_word' id='word_1_153' title='bbox 679 2708 847 2788; x_wconf 84' lang='lat' dir='ltr'>valerem3</span> <span class='ocrx_word' id='word_1_154' title='bbox 870 2707 1009 2772; x_wconf 88' lang='lat' dir='ltr'>tandem</span> <span class='ocrx_word' id='word_1_155' title='bbox 1031 2705 1238 2788; x_wconf 84' lang='lat' dir='ltr'>interrogavi</span> 
     </span>
     <span class='ocr_line' id='line_1_24' title="bbox 285 2805 1238 2887; baseline 0.002 -19"><span class='ocrx_word' id='word_1_156' title='bbox 285 2805 424 2887; x_wconf 90' lang='lat' dir='ltr'>quando</span> <span class='ocrx_word' id='word_1_157' title='bbox 440 2807 640 2872; x_wconf 89' lang='lat' dir='ltr'>deberemus</span> <span class='ocrx_word' id='word_1_158' title='bbox 653 2810 787 2873; x_wconf 88' lang='lat' dir='ltr'>reverti.</span> <span class='ocrx_word' id='word_1_159' title='bbox 815 2808 886 2887; x_wconf 82' lang='lat' dir='ltr'>Qui</span> <span class='ocrx_word' id='word_1_160' title='bbox 901 2809 963 2886; x_wconf 89' lang='lat' dir='ltr'>ait,</span> <span class='ocrx_word' id='word_1_161' title='bbox 978 2807 1128 2887; x_wconf 87' lang='lat' dir='ltr'>Quando</span> <span class='ocrx_word' id='word_1_162' title='bbox 1142 2806 1238 2872; x_wconf 91' lang='lat' dir='ltr'>Deus</span> 
     </span>
     <span class='ocr_line' id='line_1_25' title="bbox 284 2908 1239 2992; baseline -0.002 -20"><span class='ocrx_word' id='word_1_163' title='bbox 284 2908 441 2987; x_wconf 89' lang='lat' dir='ltr'>voluerit,</span> <span class='ocrx_word' id='word_1_164' title='bbox 468 2917 503 2975; x_wconf 88' lang='lat' dir='ltr'>et</span> <span class='ocrx_word' id='word_1_165' title='bbox 532 2909 614 2992; x_wconf 89' lang='lat' dir='ltr'>Ipse</span> <span class='ocrx_word' id='word_1_166' title='bbox 642 2910 742 2974; x_wconf 87' lang='lat' dir='ltr'>vobis</span> <span class='ocrx_word' id='word_1_167' title='bbox 767 2910 965 2975; x_wconf 85' lang='lat' dir='ltr'>ostenderit.</span> <span class='ocrx_word' id='word_1_168' title='bbox 1011 2908 1173 2973; x_wconf 90' lang='lat' dir='ltr'>Fecimus</span> <span class='ocrx_word' id='word_1_169' title='bbox 1201 2916 1239 2972; x_wconf 93' lang='lat' dir='ltr'>ut</span> 
     </span>
     <span class='ocr_line' id='line_1_26' title="bbox 279 3008 1276 3094; baseline 0 -21"><span class='ocrx_word' id='word_1_170' title='bbox 279 3008 443 3092; x_wconf 86' lang='lat' dir='ltr'>jusserat,</span> <span class='ocrx_word' id='word_1_171' title='bbox 452 3012 718 3094; x_wconf 90' lang='lat' dir='ltr'>convocatisque</span> <span class='ocrx_word' id='word_1_172' title='bbox 730 3031 811 3077; x_wconf 86' lang='lat' dir='ltr'>mox</span> <span class='ocrx_word' id='word_1_173' title='bbox 821 3013 857 3076; x_wconf 86' lang='lat' dir='ltr'>in</span> <span class='ocrx_word' id='word_1_174' title='bbox 869 3011 1051 3077; x_wconf 88' lang='lat' dir='ltr'>ecclesiam</span> <span class='ocrx_word' id='word_1_175' title='bbox 1061 3010 1238 3075; x_wconf 89' lang='lat' dir='ltr'>Fratribus</span> <span class='ocrx_word' id='word_1_176' title='bbox 1248 3026 1276 3073; x_wconf 79' lang='lat' dir='ltr'>au</span> 
     </span>
     <span class='ocr_line' id='line_1_27' title="bbox 285 3112 1238 3197; baseline 0.001 -22"><span class='ocrx_word' id='word_1_177' title='bbox 285 3112 430 3190; x_wconf 88' lang='lat' dir='ltr'>cunctis,</span> <span class='ocrx_word' id='word_1_178' title='bbox 452 3113 544 3197; x_wconf 89' lang='lat' dir='ltr'>jussi</span> <span class='ocrx_word' id='word_1_179' title='bbox 573 3115 761 3179; x_wconf 85' lang='lat' dir='ltr'>orationem</span> <span class='ocrx_word' id='word_1_180' title='bbox 789 3114 862 3178; x_wconf 90' lang='lat' dir='ltr'>fieri</span> <span class='ocrx_word' id='word_1_181' title='bbox 888 3114 963 3180; x_wconf 91' lang='lat' dir='ltr'>sine</span> <span class='ocrx_word' id='word_1_182' title='bbox 988 3113 1238 3178; x_wconf 88' lang='lat' dir='ltr'>intermissione</span> 
     </span>
    </p>
   </div>
   <div class='ocr_carea' id='block_1_4' title="bbox 285 3363 1241 4214">
    <p class='ocr_par' dir='ltr' id='par_1_4' title="bbox 285 3363 1241 4214">
     <span class='ocr_line' id='line_1_28' title="bbox 327 3363 1241 3436; baseline 0.003 -20"><span class='ocrx_word' id='word_1_183' title='bbox 327 3363 462 3418; x_wconf 79' lang='lat' dir='ltr'>⁷Contrc.</span> <span class='ocrx_word' id='word_1_184' title='bbox 478 3403 504 3418; x_wconf 93' lang='lat'>..</span> <span class='ocrx_word' id='word_1_185' title='bbox 521 3364 646 3436; x_wconf 80' lang='lat' dir='ltr'>.Crueis.]</span> <span class='ocrx_word' id='word_1_186' title='bbox 682 3366 747 3419; x_wconf 83' lang='lat' dir='ltr'>This</span> <span class='ocrx_word' id='word_1_187' title='bbox 778 3369 835 3418; x_wconf 89' lang='lat' dir='ltr'>loeo</span> <span class='ocrx_word' id='word_1_188' title='bbox 852 3373 928 3418; x_wconf 84' lang='lat' dir='ltr'>extra</span> <span class='ocrx_word' id='word_1_189' title='bbox 940 3369 1112 3418; x_wconf 84' lang='lat' dir='ltr'>coemiterium</span> <span class='ocrx_word' id='word_1_190' title='bbox 1130 3369 1241 3419; x_wconf 87' lang='lat' dir='ltr'>Christi·</span> 
     </span>
     <span class='ocr_line' id='line_1_29' title="bbox 285 3439 1240 3502; baseline 0.002 -16"><span class='ocrx_word' id='word_1_191' title='bbox 285 3452 395 3502; x_wconf 77' lang='lat' dir='ltr'>passage</span> <span class='ocrx_word' id='word_1_192' title='bbox 407 3439 494 3488; x_wconf 84' lang='lat' dir='ltr'>shows</span> <span class='ocrx_word' id='word_1_193' title='bbox 506 3439 563 3489; x_wconf 90' lang='lat' dir='ltr'>that</span> <span class='ocrx_word' id='word_1_194' title='bbox 574 3441 611 3490; x_wconf 89' lang='lat' dir='ltr'>St.</span> <span class='ocrx_word' id='word_1_195' title='bbox 622 3439 748 3490; x_wconf 79' lang='lat' dir='ltr'>cuthbert</span> <span class='ocrx_word' id='word_1_196' title='bbox 778 3454 844 3489; x_wconf 87' lang='lat' dir='ltr'>anus</span> <span class='ocrx_word' id='word_1_197' title='bbox 867 3439 1019 3502; x_wconf 86' lang='lat' dir='ltr'>sepeliatur,</span> <span class='ocrx_word' id='word_1_198' title='bbox 1048 3453 1148 3501; x_wconf 86' lang='lat' dir='ltr'>semper</span> <span class='ocrx_word' id='word_1_199' title='bbox 1177 3454 1240 3490; x_wconf 86' lang='lat' dir='ltr'>crux</span> 
     </span>
     <span class='ocr_line' id='line_1_30' title="bbox 286 3509 1240 3572; baseline 0.002 -15"><span class='ocrx_word' id='word_1_200' title='bbox 286 3523 340 3560; x_wconf 85' lang='lat' dir='ltr'>was</span> <span class='ocrx_word' id='word_1_201' title='bbox 360 3509 470 3559; x_wconf 84' lang='lat' dir='ltr'>anxious</span> <span class='ocrx_word' id='word_1_202' title='bbox 486 3510 542 3558; x_wconf 86' lang='lat' dir='ltr'>that</span> <span class='ocrx_word' id='word_1_203' title='bbox 560 3509 592 3558; x_wconf 90' lang='lat' dir='ltr'>he</span> <span class='ocrx_word' id='word_1_204' title='bbox 606 3510 702 3560; x_wconf 83' lang='lat' dir='ltr'>should</span> <span class='ocrx_word' id='word_1_205' title='bbox 716 3511 747 3558; x_wconf 88' lang='lat' dir='ltr'>be</span> <span class='ocrx_word' id='word_1_206' title='bbox 778 3510 857 3572; x_wconf 90' lang='lat' dir='ltr'>capiti</span> <span class='ocrx_word' id='word_1_207' title='bbox 880 3510 953 3558; x_wconf 88' lang='lat' dir='ltr'>illius</span> <span class='ocrx_word' id='word_1_208' title='bbox 977 3510 1073 3571; x_wconf 85' lang='lat' dir='ltr'>apponi</span> <span class='ocrx_word' id='word_1_209' title='bbox 1095 3510 1183 3572; x_wconf 85' lang='lat' dir='ltr'>debet,</span> <span class='ocrx_word' id='word_1_210' title='bbox 1207 3510 1240 3559; x_wconf 83' lang='lat' dir='ltr'>ad</span> 
     </span>
     <span class='ocr_line' id='line_1_31' title="bbox 285 3579 1239 3642; baseline -0.001 -12"><span class='ocrx_word' id='word_1_211' title='bbox 285 3581 377 3630; x_wconf 88' lang='lat' dir='ltr'>buried</span> <span class='ocrx_word' id='word_1_212' title='bbox 390 3580 451 3628; x_wconf 89' lang='lat' dir='ltr'>with</span> <span class='ocrx_word' id='word_1_213' title='bbox 464 3580 504 3628; x_wconf 84' lang='lat' dir='ltr'>his</span> <span class='ocrx_word' id='word_1_214' title='bbox 515 3580 570 3630; x_wconf 82' lang='lat' dir='ltr'>sace</span> <span class='ocrx_word' id='word_1_215' title='bbox 585 3580 692 3642; x_wconf 76' lang='lat' dir='ltr'>lacking</span> <span class='ocrx_word' id='word_1_216' title='bbox 710 3585 747 3628; x_wconf 89' lang='lat' dir='ltr'>tc·</span> <span class='ocrx_word' id='word_1_217' title='bbox 778 3580 918 3630; x_wconf 89' lang='lat' dir='ltr'>notandum</span> <span class='ocrx_word' id='word_1_218' title='bbox 931 3580 1004 3629; x_wconf 89' lang='lat' dir='ltr'>illurn</span> <span class='ocrx_word' id='word_1_219' title='bbox 1018 3579 1191 3629; x_wconf 87' lang='lat' dir='ltr'>Christianum</span> <span class='ocrx_word' id='word_1_220' title='bbox 1201 3579 1239 3629; x_wconf 82' lang='lat' dir='ltr'>fu-</span> 
     </span>
     <span class='ocr_line' id='line_1_32' title="bbox 286 3648 924 3714; baseline 0.002 -14"><span class='ocrx_word' id='word_1_221' title='bbox 286 3651 371 3700; x_wconf 86' lang='lat' dir='ltr'>wards</span> <span class='ocrx_word' id='word_1_222' title='bbox 382 3650 425 3700; x_wconf 87' lang='lat' dir='ltr'>the</span> <span class='ocrx_word' id='word_1_223' title='bbox 435 3655 499 3714; x_wconf 88' lang='lat' dir='ltr'>east,</span> <span class='ocrx_word' id='word_1_224' title='bbox 509 3653 654 3713; x_wconf 83' lang='lat' dir='ltr'>respecting</span> <span class='ocrx_word' id='word_1_225' title='bbox 662 3650 747 3700; x_wconf 87' lang='lat' dir='ltr'>which</span> <span class='ocrx_word' id='word_1_226' title='bbox 778 3652 828 3701; x_wconf 86' lang='lat' dir='ltr'>isse</span> <span class='ocrx_word' id='word_1_227' title='bbox 843 3686 849 3700; x_wconf 92' lang='lat'><strong>.</strong></span> <span class='ocrx_word' id='word_1_228' title='bbox 866 3684 872 3698; x_wconf 89' lang='lat'>.</span> <span class='ocrx_word' id='word_1_229' title='bbox 887 3686 893 3700; x_wconf 92' lang='lat'><strong><em>.</em></strong></span> <span class='ocrx_word' id='word_1_230' title='bbox 908 3648 924 3697; x_wconf 85' lang='lat'>.&#39;</span> 
     </span>
     <span class='ocr_line' id='line_1_33' title="bbox 286 3714 1239 3786; baseline -0.003 -14"><span class='ocrx_word' id='word_1_231' title='bbox 286 3719 747 3783; x_wconf 84' lang='lat' dir='ltr'>custom,seeMarteneAntiq.Eccl.</span> <span class='ocrx_word' id='word_1_232' title='bbox 786 3774 788 3778; x_wconf 68' lang='grc'>,</span> <span class='ocrx_word' id='word_1_233' title='bbox 814 3718 833 3748; x_wconf 77' lang='lat'>¹²</span> <span class='ocrx_word' id='word_1_234' title='bbox 849 3714 1011 3786; x_wconf 64' lang='lat' dir='ltr'>includens]</span> <span class='ocrx_word' id='word_1_235' title='bbox 1040 3717 1239 3769; x_wconf 82' lang='lat' dir='ltr'>Amassoscu·</span> 
     </span>
     <span class='ocr_line' id='line_1_34' title="bbox 287 3791 1240 3852; baseline -0.003 -10"><span class='ocrx_word' id='word_1_236' title='bbox 287 3794 340 3844; x_wconf 88' lang='lat' dir='ltr'>Rit.</span> <span class='ocrx_word' id='word_1_237' title='bbox 351 3793 379 3842; x_wconf 89' lang='lat' dir='ltr'>ii.</span> <span class='ocrx_word' id='word_1_238' title='bbox 393 3796 450 3842; x_wconf 79' lang='grc'><strong>374.</strong></span> <span class='ocrx_word' id='word_1_239' title='bbox 476 3792 555 3841; x_wconf 86' lang='lat' dir='ltr'>What</span> <span class='ocrx_word' id='word_1_240' title='bbox 567 3793 606 3842; x_wconf 90' lang='lat' dir='ltr'>St.</span> <span class='ocrx_word' id='word_1_241' title='bbox 622 3793 748 3842; x_wconf 88' lang='lat' dir='ltr'>Cuthbert</span> <span class='ocrx_word' id='word_1_242' title='bbox 779 3792 849 3840; x_wconf 86' lang='lat' dir='ltr'>riuus</span> <span class='ocrx_word' id='word_1_243' title='bbox 858 3791 1020 3840; x_wconf 81' lang='lat' dir='ltr'>information</span> <span class='ocrx_word' id='word_1_244' title='bbox 1032 3791 1179 3852; x_wconf 76' lang='lat' dir='ltr'>respecting</span> <span class='ocrx_word' id='word_1_245' title='bbox 1189 3791 1240 3840; x_wconf 89' lang='lat' dir='ltr'>this</span> 
     </span>
     <span class='ocr_line' id='line_1_35' title="bbox 286 3861 1239 3925; baseline -0.001 -13"><span class='ocrx_word' id='word_1_246' title='bbox 286 3878 347 3925; x_wconf 84' lang='lat' dir='ltr'>says</span> <span class='ocrx_word' id='word_1_247' title='bbox 369 3863 514 3925; x_wconf 79' lang='lat' dir='ltr'>respecting</span> <span class='ocrx_word' id='word_1_248' title='bbox 531 3862 574 3910; x_wconf 87' lang='lat' dir='ltr'>the</span> <span class='ocrx_word' id='word_1_249' title='bbox 598 3878 669 3912; x_wconf 81' lang='lat' dir='ltr'>crosa</span> <span class='ocrx_word' id='word_1_250' title='bbox 686 3879 748 3913; x_wconf 88' lang='lat' dir='ltr'>near</span> <span class='ocrx_word' id='word_1_251' title='bbox 779 3867 875 3911; x_wconf 90' lang='lat' dir='ltr'>custom</span> <span class='ocrx_word' id='word_1_252' title='bbox 889 3876 945 3922; x_wconf 83' lang='lat' dir='ltr'>may</span> <span class='ocrx_word' id='word_1_253' title='bbox 959 3862 990 3910; x_wconf 90' lang='lat' dir='ltr'>be</span> <span class='ocrx_word' id='word_1_254' title='bbox 1007 3875 1068 3909; x_wconf 87' lang='lat' dir='ltr'>seen</span> <span class='ocrx_word' id='word_1_255' title='bbox 1080 3862 1106 3909; x_wconf 94' lang='lat' dir='ltr'>in</span> <span class='ocrx_word' id='word_1_256' title='bbox 1117 3861 1160 3909; x_wconf 91' lang='lat' dir='ltr'>the</span> <span class='ocrx_word' id='word_1_257' title='bbox 1174 3867 1239 3911; x_wconf 85' lang='lat' dir='ltr'>trea-</span> 
     </span>
     <span class='ocr_line' id='line_1_36' title="bbox 287 3929 1240 3992; baseline -0.002 -8"><span class='ocrx_word' id='word_1_258' title='bbox 287 3935 328 3984; x_wconf 87' lang='lat' dir='ltr'>his</span> <span class='ocrx_word' id='word_1_259' title='bbox 339 3934 407 3983; x_wconf 88' lang='lat' dir='ltr'>tomb</span> <span class='ocrx_word' id='word_1_260' title='bbox 420 3932 475 3982; x_wconf 92' lang='lat' dir='ltr'>will</span> <span class='ocrx_word' id='word_1_261' title='bbox 487 3934 518 3982; x_wconf 88' lang='lat' dir='ltr'>be</span> <span class='ocrx_word' id='word_1_262' title='bbox 533 3933 590 3981; x_wconf 86' lang='lat' dir='ltr'>best</span> <span class='ocrx_word' id='word_1_263' title='bbox 600 3933 747 3983; x_wconf 85' lang='lat' dir='ltr'>illustrated</span> <span class='ocrx_word' id='word_1_264' title='bbox 779 3931 867 3982; x_wconf 79' lang='lat' dir='ltr'>tiseos</span> <span class='ocrx_word' id='word_1_265' title='bbox 876 3930 898 3979; x_wconf 94' lang='lat'>1.</span> <span class='ocrx_word' id='word_1_266' title='bbox 912 3933 943 3979; x_wconf 87' lang='lat' dir='ltr'>E.</span> <span class='ocrx_word' id='word_1_267' title='bbox 954 3929 1123 3992; x_wconf 86' lang='lat' dir='ltr'>Franzenius,</span> <span class='ocrx_word' id='word_1_268' title='bbox 1137 3932 1177 3980; x_wconf 93' lang='lat' dir='ltr'>De</span> <span class='ocrx_word' id='word_1_269' title='bbox 1188 3931 1240 3982; x_wconf 89' lang='lat' dir='ltr'>Fu·</span> 
     </span>
     <span class='ocr_line' id='line_1_37' title="bbox 287 4001 1239 4069; baseline -0.005 -13"><span class='ocrx_word' id='word_1_270' title='bbox 287 4008 321 4069; x_wconf 80' lang='lat' dir='ltr'>by</span> <span class='ocrx_word' id='word_1_271' title='bbox 344 4005 387 4054; x_wconf 86' lang='lat' dir='ltr'>the</span> <span class='ocrx_word' id='word_1_272' title='bbox 408 4003 541 4064; x_wconf 79' lang='lat' dir='ltr'>following</span> <span class='ocrx_word' id='word_1_273' title='bbox 564 4008 664 4052; x_wconf 86' lang='lat' dir='ltr'>extract</span> <span class='ocrx_word' id='word_1_274' title='bbox 683 4005 746 4053; x_wconf 83' lang='lat' dir='ltr'>from</span> <span class='ocrx_word' id='word_1_275' title='bbox 778 4003 883 4053; x_wconf 86' lang='lat' dir='ltr'>neribus</span> <span class='ocrx_word' id='word_1_276' title='bbox 903 4001 963 4049; x_wconf 88' lang='lat' dir='ltr'>Vet.</span> <span class='ocrx_word' id='word_1_277' title='bbox 981 4001 1196 4064; x_wconf 84' lang='lat' dir='ltr'>Christianorum,</span> <span class='ocrx_word' id='word_1_278' title='bbox 1213 4018 1239 4064; x_wconf 90' lang='lat' dir='ltr'>p.</span> 
     </span>
     <span class='ocr_line' id='line_1_38' title="bbox 288 4071 1080 4136; baseline -0.006 -10"><span class='ocrx_word' id='word_1_279' title='bbox 288 4075 418 4126; x_wconf 84' lang='lat' dir='ltr'>Durand’s</span> <span class='ocrx_word' id='word_1_280' title='bbox 439 4073 576 4124; x_wconf 78' lang='lat' dir='ltr'>Rationale</span> <span class='ocrx_word' id='word_1_281' title='bbox 594 4074 653 4122; x_wconf 90' lang='lat' dir='ltr'>Div.</span> <span class='ocrx_word' id='word_1_282' title='bbox 674 4075 747 4125; x_wconf 90' lang='lat' dir='ltr'>0ffic.</span> <span class='ocrx_word' id='word_1_283' title='bbox 778 4078 820 4136; x_wconf 79' lang='lat' dir='ltr'>at,</span> <span class='ocrx_word' id='word_1_284' title='bbox 833 4074 896 4123; x_wconf 86' lang='lat' dir='ltr'>edit.</span> <span class='ocrx_word' id='word_1_285' title='bbox 907 4071 995 4120; x_wconf 88' lang='lat' dir='ltr'>Helm.</span> <span class='ocrx_word' id='word_1_286' title='bbox 1009 4075 1080 4121; x_wconf 80' lang='lat'><strong>1709.</strong></span> 
     </span>
     <span class='ocr_line' id='line_1_39' title="bbox 288 4137 1238 4214; baseline -0.006 -16"><span class='ocrx_word' id='word_1_287' title='bbox 288 4149 331 4200; x_wconf 83' lang='lat' dir='ltr'>rii.</span> <span class='ocrx_word' id='word_1_288' title='bbox 341 4150 382 4211; x_wconf 74' lang='lat'>86,</span> <span class='ocrx_word' id='word_1_289' title='bbox 395 4144 457 4214; x_wconf 66' lang='lat' dir='ltr'>§bia</span> <span class='ocrx_word' id='word_1_290' title='bbox 493 4145 547 4193; x_wconf 87' lang='lat' dir='ltr'>‘Et</span> <span class='ocrx_word' id='word_1_291' title='bbox 561 4145 748 4207; x_wconf 90' lang='lat' dir='ltr'>inquocunque</span> <span class='ocrx_word' id='word_1_292' title='bbox 815 4141 833 4171; x_wconf 77' lang='lat'>¹⁵</span> <span class='ocrx_word' id='word_1_293' title='bbox 847 4137 948 4210; x_wconf 70' lang='lat' dir='ltr'>Verom]</span> <span class='ocrx_word' id='word_1_294' title='bbox 961 4143 1009 4191; x_wconf 90' lang='lat' dir='ltr'>See</span> <span class='ocrx_word' id='word_1_295' title='bbox 1018 4140 1238 4210; x_wconf 76' lang='lat' dir='ltr'>Cap.xxxv,§td.</span> 
     </span>
    </p>
   </div>
   <div class='ocr_carea' id='block_1_5' title="bbox 0 0 1439 4890">
    <p class='ocr_par' dir='ltr' id='par_1_5' title="bbox 0 0 1439 4890">
     <span class='ocr_line' id='line_1_40' title="bbox 0 0 1439 4890; baseline 0 0"><span class='ocrx_word' id='word_1_296' title='bbox 0 0 1439 4890; x_wconf 95' lang='lat' dir='ltr'> </span> 
     </span>
    </p>
   </div>
  </div>
 </body>
</html>
