2850 4890
476 347 657 399 aucroan
675 348 762 396 vsu.
780 349 892 397 anon.
1101 334 1165 400 151

203 519 272 583 quo
288 503 535 568 ¹monasterium
556 505 633 584 feei,
653 508 684 571 si
704 507 754 572 sic
771 508 981 591 judicaverit
1000 509 1109 588 Daue,
1126 509 1164 575 in
1179 526 1213 574 A.
1224 525 1257 575 n.
1266 528 1325 574 aas.

203 601 424 668 solitudinem
451 606 694 690 sempiternam
719 610 837 691 redigi,
862 630 966 693 quam
993 619 1033 676 ut
1059 611 1165 677 frater

202 721 298 768 meus
316 707 478 785 carnalia,
497 728 599 790 quem
618 711 777 775 novimus
797 712 891 777 viam
911 713 1067 778 veritatis
1093 734 1163 778 non

201 804 344 887 ingredi,
369 808 406 871 in
431 828 472 872 eo
499 810 646 891 regendo
674 819 756 895 post
781 834 837 878 me
867 815 1003 879 abbatis
1025 816 1162 882 nomine

171 926 187 969 s
200 909 374 974 succedat.
399 909 553 993 Ideoque
568 913 712 977 multum
725 923 894 993 cavetote,
910 915 1060 995 Fratres,
1073 938 1175 981 sem-.

200 1028 272 1092 per,
280 1029 323 1074 ne
335 1012 522 1075 secundum
533 1032 641 1093 genus
653 1033 817 1097 unquam,
826 1036 869 1080 ne
878 1016 1003 1080 deforis
1013 1017 1163 1096 aliunde,

152 1177 155 1182 ,
201 1111 301 1176 vobis
329 1111 468 1177 Patrem
488 1115 673 1196 quaeratis;
700 1116 762 1180 sed
779 1117 885 1200 juxta
908 1119 1001 1201 quod
1025 1117 1163 1201 Regula

201 1214 316 1295 magni
344 1217 517 1298 quondam
546 1218 684 1283 abbatis
718 1218 909 1297 Benedicti,
931 1219 1037 1302 juxta
1070 1220 1162 1303 quod

201 1314 371 1397 privilegii
400 1318 510 1382 nostri
537 1320 715 1385 continent
747 1321 895 1401 decreta,
925 1323 959 1385 in
991 1329 1163 1386 conventu

156 1433 189 1478 ro
201 1422 324 1481 vestrae
352 1419 625 1503 congregationis
656 1424 827 1488 communi
853 1423 997 1488 consilio
1027 1424 1165 1506 perqui-

201 1519 296 1597 ratis,
321 1520 381 1602 qui
411 1523 600 1586 secundum
623 1525 705 1590 vitae
734 1526 893 1589 meritum
920 1533 955 1589 et
984 1525 1164 1607 sapientiae

200 1621 391 1687 doctrinam
406 1625 518 1706 aptior
533 1626 577 1690 ad
593 1626 664 1690 tale
679 1627 902 1691 ministerium
921 1627 1164 1710 perficiendum

202 1723 401 1807 digniorque
424 1728 596 1807 probetur,
619 1734 654 1791 et
677 1747 915 1811 quemcunque
939 1746 1057 1792 omnes
1078 1747 1164 1792 una-

201 1825 302 1888 nimae
314 1824 492 1890 cbaritatis
503 1826 727 1909 inquisitione
737 1829 904 1912 optimum
917 1837 1164 1911 cognoscentes

155 1946 187 1991 15
200 1928 389 2011 elegeritis3
423 1928 514 1993 hunc
543 1931 653 2009 vobis,
683 1931 794 1996 accito
827 1932 1001 2015 episcopo,
1036 1931 1163 2014 rogetis

201 2031 361 2095 abbatem
380 2039 547 2096 consueta
560 2031 799 2096 benedictione
812 2032 949 2096 firmari.
994 2031 1088 2097 Nam
1102 2033 1164 2116 qui

200 2131 352 2211 carnali,'
376 2133 499 2215 inquit,
523 2133 665 2197 ‘ordine
693 2134 849 2199 camales
875 2133 964 2198 filios
989 2141 1162 2217 generant,

199 2234 332 2299 carnali
360 2255 503 2304 necesse
532 2244 586 2301 est
615 2256 657 2301 ac
686 2243 829 2301 terrenae
862 2255 934 2300 suae
967 2234 1162 2301 haereditati

198 2337 353 2402 carnales
389 2345 610 2422 terrenosque
645 2347 804 2422 quaerant
834 2337 998 2419 heredes;
1035 2345 1072 2403 at
1101 2339 1161 2421 qui

155 2456 188 2501 ao
199 2437 395 2520 spirituales
411 2439 488 2503 Deo
507 2439 596 2503 filios
617 2439 791 2522 spirituali
812 2440 941 2503 semine
955 2437 1063 2504 Verbi
1082 2460 1160 2523 pro·

200 2547 328 2618 creant,
344 2540 538 2623 spiritualia
553 2549 689 2623 oportet
707 2541 778 2605 sint
797 2548 933 2619 cuneta,
948 2560 1026 2623 quae
1042 2549 1159 2623 agunt.

200 2641 296 2706 Inter
321 2642 517 2724 spirituales
543 2662 626 2706 suos
651 2642 776 2707 liberos
801 2661 879 2706 eum
903 2640 1079 2723 majorem,
1101 2643 1161 2724 qui

197 2744 356 2828 ampliori
382 2745 531 2827 Spiritus
559 2745 672 2828 gratia
699 2745 745 2809 sit
769 2743 948 2828 praeditus,
968 2744 1161 2824 aestiment3

199 2847 371 2930 quomodo
400 2847 526 2911 terreni
554 2854 726 2930 parenteS,
755 2867 858 2930 quem
885 2846 1031 2928 primum
1059 2853 1160 2929 partu

154 2967 186 3012 aa
198 2947 358 3026 fuderint,
370 2968 447 3012 eum
459 2948 663 3032 principium
673 2948 854 3014 liberorum
868 2967 1006 3012 suorum
1017 2967 1160 3030 eognos-

199 3067 286 3125 cere,
300 3055 336 3113 et
354 3048 476 3113 ceteris
496 3049 532 3111 in
550 3047 731 3130 partienda
750 3068 814 3113 sua
833 3047 1021 3113 hereditate
1040 3048 1160 3132 praefe-

197 3149 340 3214 rendum
354 3149 478 3214 ducere
494 3146 628 3213 solent’

241 3249 327 3334 §12
352 3250 474 3332 Neque
498 3248 563 3313 hoe
587 3250 809 3328 reticendum,
835 3251 926 3333 quod
953 3251 1158 3318 venerabilis
1176 3275 1281 3338 rueram.

197 3354 306 3417 abbas
330 3350 539 3417 Benedictus
568 3352 612 3416 ad
642 3353 900 3435 temperandum
925 3373 1018 3437 saepe
1045 3354 1157 3436 longae
1174 3329 1285 3439 llll&

154 3474 185 3518 ao
196 3456 309 3519 noctis
325 3453 478 3533 taedium,
492 3473 596 3536 quam
616 3474 687 3536 prae
706 3453 916 3518 infirmitatis
936 3475 1036 3519 onere
1056 3456 1159 3520 duce·
1172 3431 1277 3481 ΜΨ·

196 3559 258 3621 bat
290 3557 492 3634 insomnem,
522 3555 692 3622 advocato
726 3556 864 3634 lectore,
892 3557 948 3622 vel
982 3558 1159 3641 exemplar

193 3659 373 3742 patientiae
396 3657 419 3722 J
422 3659 476 3736 ob,
500 3658 556 3724 vel
582 3657 676 3722 aliud
701 3658 783 3741 quid
809 3657 1060 3741 scripturarum
1088 3678 1158 3741 quo

197 3760 432 3825 consolaretur
461 3767 620 3842 aegrotus,
648 3780 717 3843 quo
744 3759 928 3843 depressus
961 3759 996 3823 in
1030 3758 1158 3822 infimis

196 3862 354 3929 vivacius
380 3862 423 3927 ad
447 3881 596 3944 superna
613 3862 807 3944 erigeretur,
828 3880 942 3926 coram
961 3879 998 3924 se
1019 3859 1158 3924 recitari

208 4153 209 4156 ¹
305 4183 318 4217 ⁷
336 4181 454 4256 mgna]
473 4187 523 4260 see
536 4187 579 4237 ue
591 4187 659 4238 Rure
671 4187 700 4236 or
709 4187 749 4237 st.
761 4186 897 4248 uenena,
909 4198 967 4247 cap.
981 4184 1045 4240 mv,
