2850 4890
102 545 138 596 A.
146 545 181 595 1).
191 547 248 596 686.

105 1770 170 1810 Cures
181 1769 241 1812 lllld·

106 1831 160 1861 mer.

272 361 336 427 108
555 376 648 426 vrrs
666 375 697 425 s.
714 373 949 435 cuononem,
996 372 1001 381 ’

275 544 392 600 autern
419 534 462 600 de
492 535 554 600 illa
584 535 656 600 viro
684 534 762 611 Dei,
792 540 827 597 et
855 550 918 615 pro
945 527 1231 614 sanatione'ejus

274 636 532 701 obsecrantibus
551 635 605 700 his
625 636 684 719 qui
704 639 870 701 venerant
886 651 964 697 cum
979 650 1032 708 eo,
1047 630 1229 694 miseratus

272 737 331 801 ille
354 737 514 802 miseram
533 737 634 801 unxit
657 736 733 800 oleo
756 733 949 799 benedicto.
995 731 1085 811 Quae
1106 732 1151 796 ab
1169 731 1231 795 illa

273 857 355 901 mox
380 837 659 903 hora·meliorori
687 837 867 920 incipiens,
895 842 976 918 post
1002 835 1077 898 dies
1099 851 1230 916 paucos

273 938 377 1022 plena
389 940 558 1023 sospitate
574 939 761 1014 convaluit.
1251 953 1266 997 r

577 1275 738 1341 CAPUT
760 1275 916 1341 XXXI.

316 1447 475 1526 Quomodo
483 1469 544 1535 per
552 1470 667 1534 paoem
683 1445 723 1511 ab
738 1469 772 1512 eo
787 1446 977 1511 benedictum
992 1445 1135 1533 infirmus
1148 1448 1192 1510 sit

680 1560 820 1614 sanctus.

277 1754 295 1837 ἓ
309 1755 362 1818 51.
386 1752 468 1817 Nuc
481 1753 620 1817 silentio
631 1752 902 1837 praetereundum
916 1751 1120 1817 arbitramur
1130 1751 1231 1816 mira-

276 1857 390 1920 culum
402 1856 492 1938 quod
505 1855 658 1938 ejusdem
670 1857 733 1922 viri
746 1855 950 1921 venerabilis
962 1855 1271 1937 virtute,quam-1o

275 1957 329 2020 vis
353 1957 430 2039 ipso
453 1958 606 2034 absente,
631 1963 804 2039 patratum
826 1957 1057 2039 cognovimus.
1109 1955 1232 2021 Memi-

276 2058 390 2122 nimus
411 2078 516 2141 supra
531 2059 700 2123 Hildmeri
720 2058 891 2138 Praefecti,
905 2059 1003 2143 cujus
1023 2078 1166 2122 uxorem
1180 2059 1232 2124 vir

277 2159 344 2224 Dei
359 2162 403 2225 ab
417 2161 588 2225 immundo
604 2162 727 2244 spiritu
746 2162 953 2226 liberaverit.
997 2160 1096 2224 Idem
1115 2169 1232 2225 autem

278 2262 467 2326 Praefectus
482 2270 606 2346 postea
626 2263 754 2327 decidit
771 2264 806 2327 in
825 2263 1055 2327 infirmitatem
1070 2263 1233 2344 gravissi*

276 2382 378 2443 mam,
394 2364 480 2427 adeo
499 2372 549 2440 ut,
564 2371 737 2427 crescente
752 2384 814 2446 per
829 2364 902 2428 dies
916 2364 1086 2443 molestia,
1102 2370 1271 2429 sterne-15

277 2472 372 2528 retur
398 2465 434 2527 in
462 2465 599 2543 lectum,
627 2473 663 2528 ct
691 2465 860 2530 videretur
881 2466 955 2550 jam
982 2465 1126 2550 jamque
1155 2485 1232 2530 esse

278 2567 471 2630 moriturus.
515 2565 671 2631 Aderant
683 2568 783 2631 multi
805 2569 999 2646 amicorum,
1015 2567 1075 2652 qui
1091 2567 1135 2631 ad
1151 2586 1232 2632 con·

278 2669 459 2732 solandum
483 2676 650 2734 venerant
677 2671 905 2752 languentem.
957 2668 1112 2752 Cumque
1140 2670 1231 2735 lecto

272 2768 422 2852 jacentis
447 2770 646 2848 assiderent,
676 2778 816 2853 repente
844 2790 934 2835 unus
958 2789 1074 2834 eorum
1102 2771 1232 2851 intulit,

278 2871 360 2953 quia
381 2891 496 2936 secum
520 2872 661 2938 haberet
683 2893 818 2957 panem,
844 2893 945 2956 quem
968 2874 1034 2938 sibi
1054 2893 1163 2956 nuper
1181 2874 1273 2939 virm

277 2972 417 3037 Domini
427 2973 639 3039 Cudberotus
654 2977 903 3041 benedictionis
919 2977 1031 3060 gratia
1043 2977 1151 3054 daret,
1166 2974 1232 3039 ‘Et

276 3075 400 3153 credo‚’
415 3076 538 3159 inquit,
552 3083 562 3111 ‘
577 3078 660 3159 quia
678 3077 780 3162 hujus
800 3089 903 3162 gustu
923 3077 1045 3162 possit,
1065 3077 1095 3142 si
1115 3084 1232 3142 tamen

277 3176 355 3239 fidei
377 3185 504 3241 nostrae
525 3179 668 3243 tarditas
692 3200 761 3244 non
782 3181 931 3258 obsistit,
956 3180 1124 3244 medelam
1147 3180 1231 3244 reci-

277 3297 357 3360 pere
377 3279 522 3343 salutis?
566 3279 673 3346 Erant
690 3289 805 3346 autem
826 3282 907 3346 laici
926 3301 1054 3361 omnes,
1074 3280 1134 3345 sed
1155 3281 1232 3345 reli·

277 3377 375 3458 giosi.
420 3377 585 3445 Conversi
613 3381 716 3464 igitur
740 3381 785 3446 ad
808 3383 955 3448 invicem
981 3382 1232 3446 confitebantur
1241 3400 1271 3445 ro

277 3477 413 3559 singuli,
430 3481 513 3562 quia
533 3484 662 3564 absque
682 3482 754 3548 ulla
768 3483 945 3549 dubietate
965 3485 1148 3564 crederent,
1170 3503 1232 3567 per

277 3578 430 3663 ejusdem
444 3582 615 3646 benedicti
630 3584 730 3666 panis
745 3587 1015 3650 communionem
1029 3605 1106 3650 eum
1126 3606 1230 3669 posse

277 3681 403 3744 sanari.
447 3680 703 3768 Implentesque
727 3705 819 3769 aqua
842 3688 996 3765 calicem,
1017 3688 1231 3751 immiserunt

277 3783 506 3865 pauxillulum
534 3787 635 3867 panis
662 3786 768 3867 illius,
795 3796 829 3853 et
857 3789 1023 3853 dederunt
1049 3789 1080 3853 ei
1104 3790 1229 3854 bibere.

564 4096 583 4125 ¹²
599 4098 740 4162 Hildmeri]
757 4101 806 4150 See
817 4102 881 4164 Cep.
894 4115 940 4155 xv,
