2850 4890
354 369 404 416 nn
424 368 680 441 noeunncvuu
697 368 949 417 anrrsrrrmu.
1062 353 1126 418 219

168 527 325 611 implent,
341 529 552 613 multumque
573 528 708 592 informi
727 536 829 612 atque
849 527 1006 594 inaudito
1026 547 1124 613 spec-

171 630 298 708 taculo,
312 628 403 694 idem
423 630 490 713 ipsi
506 631 569 695 viri
582 630 684 696 modo
703 631 858 715 conjugis
880 651 920 696 ac
939 631 1123 696 liberorum

171 731 456 816 procreandorum
481 750 598 796 curam
622 739 754 814 gerunt,
776 732 877 796 modo
900 740 1124 816 exsurgentes

171 833 214 898 de
229 832 508 916 cubilibus,quid
523 833 613 898 intra
628 839 728 916 septa
746 834 1031 919 monasteriorum
1054 836 1123 918 geri

139 956 155 999 a
167 935 293 1000 debeat
307 935 427 1002 sedula
440 935 631 1000 intentione
645 942 866 1018 pertractant.
911 933 1004 1013 Quin
1018 937 1125 1002 etiam

169 1038 243 1102 suis
271 1036 474 1120 conjugibus
500 1037 603 1101 simili
627 1037 855 1120 imprudentia
874 1030 1125 1117 construendis,

168 1147 209 1204 nt
234 1139 303 1222 ipsi
331 1139 438 1218 aiunt,
461 1138 678 1203 monasteriis
700 1138 779 1202 loca
803 1140 1020 1222 conquirunt,
1045 1159 1124 1222 quae

168 1241 245 1325 pari
257 1241 419 1320 stultitia,
429 1261 507 1306 cum
521 1242 592 1306 sint
604 1240 715 1319 laicae,
724 1240 928 1305 famularum
944 1260 982 1306 se
994 1241 1124 1306 Christi

168 1345 372 1427 permittunt
393 1362 469 1408 esse
488 1343 658 1407 rectrices
704 1340 841 1421 Quibus
861 1350 943 1425 apte
961 1345 1124 1408 convenit

127 1468 158 1513 ro
171 1447 257 1513 illud
276 1445 369 1528 vulgi
388 1444 616 1528 proverbium,
630 1442 714 1527 quia
730 1463 846 1526 vespae
866 1444 965 1510 favos
985 1446 1123 1528 quidem

169 1549 284 1614 facere
304 1567 382 1612 cum
402 1546 548 1629 possint,
566 1565 634 1611 non
655 1546 825 1610 tamenin
849 1545 904 1610 his
927 1546 1041 1626 mella,
1062 1547 1124 1612 sed

168 1651 284 1734 potins
299 1668 432 1714 venena
447 1647 685 1714 thesaurizent

213 1751 299 1835 §la
321 1750 379 1815 Sic
394 1768 455 1833 per
469 1769 578 1814 annos
595 1749 732 1814 circiter
751 1749 901 1831 triginta,
916 1748 980 1814 hoc
998 1756 1063 1827 est,
1076 1770 1122 1815 ex
1138 1775 1295 1838 cruenyawng

170 1871 239 1936 quo
259 1851 395 1918 Aldfrid
416 1871 478 1916 rex
500 1850 658 1916 humanis
680 1852 784 1915 rebus
803 1851 940 1916 ablatus
960 1861 1026 1929 est,
1044 1871 1122 1935 pro·
1137 1829 1259 1918 {iiiiii}

126 1976 157 2021 rs
170 1956 284 2022 vincia
302 1964 421 2020 nostra
434 1973 563 2021 vesano
582 1953 642 2018 illo
660 1971 773 2017 errore
788 1953 986 2017 dementata
999 1961 1065 2032 est,
1083 1963 1123 2019 ut
1137 1929 1172 1969 ‘¹¹‘
1182 1933 1278 1980 ''mm''

169 2056 285 2121 nullus
316 2076 402 2139 pene
431 2055 556 2119 exinde
585 2054 823 2138 praefectorum
852 2055 1033 2134 exstiterit,
1062 2057 1123 2140 qui

168 2176 238 2222 non
262 2157 457 2242 hujusmodi
482 2157 549 2220 sibi
573 2156 818 2221 monasterium
844 2157 880 2219 in
904 2157 1024 2222 diebus
1049 2178 1122 2223 suae

168 2259 381 2342 praefecturae
403 2257 661 2340 comparaverit,
687 2277 853 2341 suamque
879 2257 981 2322 simul
1005 2260 1123 2344 conju-

168 2382 245 2446 gem
268 2361 344 2443 pari
368 2367 465 2424 reatu
492 2358 609 2425 nocivi
635 2368 806 2424 mercatus
837 2359 1057 2442 astrinxerit3
1080 2381 1122 2426 ac

124 2480 158 2528 ao
169 2463 376 2548 praevalente
391 2462 543 2544 pessima
557 2463 815 2540 consuetudine,
826 2462 972 2527 ministri
983 2481 1121 2546 quoque

169 2566 259 2648 regis
276 2584 317 2630 ac
331 2563 453 2630 famuli
467 2563 557 2627 idem
573 2562 687 2628 facere
702 2565 898 2646 sategerint.
942 2564 1057 2648 Atque
1071 2566 1123 2630 ita

169 2669 286 2733 ordine
319 2684 479 2751 perverso
510 2665 678 2729 innumeri
712 2664 784 2728 sint
815 2666 956 2744 inventi,
990 2666 1051 2749 qni
1083 2687 1122 2732 se

170 2773 314 2836 abbates
335 2770 464 2853 pariter
488 2773 524 2832 et
543 2765 735 2850 praefectos,
754 2767 828 2831 sive
853 2767 1038 2846 ministros,
1061 2778 1123 2834 aut

169 2873 315 2938 famulos
342 2872 441 2952 regis,
471 2870 659 2953 appellant,
686 2868 746 2953 qui
777 2869 843 2933 etsi
879 2869 1009 2953 aliquid
1039 2870 1121 2936 vitae

123 2971 420 3040 acmonasterialis
444 2971 597 3034 ediscere
619 2970 701 3035 laici
723 2990 793 3036 non
817 2970 1036 3055 experiendo,
1061 2970 1122 3036 sed

169 3074 350 3150 audiendo,
367 3072 552 3155 potuerint,
568 3092 590 3136 a
609 3093 758 3156 persona
771 3081 886 3137 tamen
904 3073 966 3136 illa
985 3092 1026 3137 ac
1045 3091 1123 3156 pro-

167 3177 328 3253 fessione,
350 3192 429 3258 quae
452 3173 540 3238 hanc
565 3175 686 3240 docere
710 3174 845 3255 debeat,
865 3183 947 3241 sunt
967 3175 1123 3240 funditus
1182 3213 1185 3217 ·

166 3285 345 3357 exsortes;
367 3276 559 3359 etquidem
582 3278 671 3342 tales
693 3286 844 3360 repente,
862 3285 902 3343 ut
922 3278 1024 3358 nosti,
1046 3286 1122 3342 ton-

168 3374 284 3447 suram
310 3397 372 3464 pre
395 3398 458 3444 suo
483 3379 583 3445 libitu
609 3379 794 3462 accipiunt,
813 3401 877 3445 suo
899 3382 1057 3447 examine
1078 3380 1123 3446 de

124 3478 267 3545 aalaicis
288 3496 358 3541 non
376 3476 546 3555 monachi,
565 3476 626 3540 sed
646 3476 790 3540 abbates
808 3477 1010 3542 efficiuntur.
1053 3479 1122 3543 Sed

211 3749 410 3823 “Coniugihual
466 3755 535 3804 How
563 3770 630 3804 com·
699 3751 717 3783 ¹⁴
734 3749 904 3824 Atarneo]
940 3753 1122 3816 As'thisking

170 3828 267 3890 pletely
278 3828 332 3876 thie
347 3836 403 3876 war
420 3826 533 3889 opposed
549 3830 575 3873 to
587 3825 630 3874 the
662 3825 723 3874 died
742 3838 768 3875 Α.
780 3836 808 3875 ι).
826 3828 884 3887 706,
905 3826 927 3874 it
942 3823 1047 3875 follows
1066 3825 1122 3875 that

169 3900 223 3947 first
249 3897 390 3959 principles
419 3898 449 3948 of
475 3897 630 3945 monachiam
663 3895 706 3944 the
713 3896 1047 3957 presentlettermusthave
1056 3895 1121 3944 been

169 3983 228 4028 may
241 3982 339 4028 appear
350 3969 385 4028 by
397 3968 520 4028 referring
532 3972 557 4015 to
571 3967 630 4015 Ma·
663 3967 765 4015 written
778 3966 804 4013 in
818 3979 844 4014 A.
855 3980 883 4016 n.
893 3969 940 4014 734
951 3981 980 4014 or
989 3970 1046 4026 736,
1060 3980 1121 4028 very

170 4038 272 4088 billon's
291 4037 400 4087 Preface
413 4039 491 4087 tobis
504 4039 569 4086 Acta
583 4037 630 4087 SS.
663 4037 761 4100 shortly
773 4036 861 4086 before
872 4035 969 4086 Beda's
980 4036 1069 4086 death.

170 4111 226 4160 ord.
236 4109 264 4159 S.
275 4109 374 4158 Bened.
382 4110 399 4159 i.
408 4108 421 4175 ξ
430 4113 493 4170 112;
511 4109 540 4160 ii.
551 4107 564 4175 ξ
574 4111 613 4160 84.
