2850 4890
404 364 454 410 nn
471 363 545 412 snx
564 364 765 415 nrrrruus
783 367 932 416 sucum.
1085 352 1144 417 171

235 519 474 603 Vespasianus
495 541 605 587 annos
630 540 687 602 1x,
711 543 847 589 menses
874 541 931 604 xi,
948 525 1022 590 dies
1046 541 1149 589 xxii.
1214 551 1278 592 anno

190 622 260 685 Hic
275 623 367 704 apud
382 622 405 687 J
408 624 543 689 udaeam
557 626 743 708 imperator
765 627 809 691 ab
824 627 979 691 exercitu
996 626 1151 709 appella·
1166 599 1248 706 Ἣ
1267 602 1351 705 Οέ3Ῐ“’

189 731 257 802 tus,
273 731 308 788 et
326 725 454 789 bellum
467 725 548 789 Tito
565 726 635 790 filio
655 726 909 807 commendans,
925 725 1072 791 Romam
1090 746 1151 810 per

188 823 438 891 Alexandriam
446 828 686 911 proficiscitur;
709 828 769 910 qni
779 828 880 892 Titus
894 827 1046 893 secundo
1058 848 1150 892 anno

159 945 174 987 a
189 924 214 990 J
216 926 325 991 udaeae
334 944 472 1010 rognum
482 929 661 1007 snbvertit,
669 928 920 1012 Templumque
930 930 1005 992 solo
1015 930 1151 1005 stravit,

188 1035 270 1108 post
295 1047 403 1093 annos
426 1029 546 1112 primae
573 1029 811 1093 aedificationis
835 1031 909 1114 ejus
938 1046 1136 1094 mcxxxix

190 1128 471 1194 Consummatum
495 1138 550 1196 est
575 1131 639 1195 hoc
662 1132 789 1195 bellurn
813 1132 913 1196 annis
938 1148 990 1210 lv,
1014 1131 1149 1196 duobus

189 1231 327 1313 quidem
351 1230 490 1296 Nerone
513 1233 663 1309 vivente,
685 1239 721 1296 et
746 1232 881 1297 duobus
910 1232 988 1296 aliis
1014 1239 1149 1316 postea.

188 1330 428 1414 Vespasianus
451 1333 540 1396 inter
560 1333 630 1396 alia
649 1351 849 1414 magnorum
870 1352 1011 1415 operum
1029 1335 1066 1397 in
1083 1335 1150 1416 pri-

145 1451 177 1495 ro
188 1439 273 1498 vata
287 1432 399 1497 adhuc
414 1433 487 1498 vita
503 1434 539 1498 in
557 1434 778 1500 Germaniam
795 1455 837 1500 ac
855 1436 977 1500 deinde
998 1437 1035 1499 in
1057 1435 1150 1501 Brit-

189 1533 322 1600 taniam
336 1536 517 1601 aclaudio
534 1540 672 1616 missus,
687 1539 804 1604 tricies
825 1547 861 1603 et
879 1540 933 1603 bis
953 1559 1031 1602 cnm
1050 1540 1149 1604 hoste

188 1637 356 1714 conflixit,
383 1636 470 1702 duas
499 1639 732 1705 validissimas
761 1646 890 1722 gentes,
920 1657 979 1703 xx
1011 1640 1149 1724 oppida,

187 1739 337 1803 insulam
371 1738 519 1804 Vectem
557 1740 738 1805 Brittaniae
775 1742 980 1824 proximam,
1007 1743 1150 1825 imperio

188 1840 348 1905 Romano
363 1841 502 1925 adjecit.
548 1842 713 1908 Colossns
729 1844 881 1926 erigitur,
892 1842 1022 1908 habens
1032 1844 1150 1909 altitu·

145 1961 175 2005 15
188 1941 278 2005 dinis
293 1940 399 2024 pedes
416 1958 509 2006 cvm.

232 2042 333 2106 Titus
352 2062 462 2108 annos
485 2060 527 2121 11,
544 2063 679 2109 menses
702 2062 743 2109 11.
789 2045 852 2110 Vir
872 2046 1023 2110 omnium
1044 2047 1149 2111 virtu·
1166 2071 1240 2115 rora.
1282 2070 1323 2115 aa.

190 2153 263 2209 tum
292 2162 414 2226 genere
441 2145 620 2223 mirabilis
650 2145 738 2211 adeo
767 2155 808 2211 ut
836 2167 932 2211 amor
957 2155 993 2211 et
1017 2147 1148 2212 deliciae
1215 2141 1220 2151 ’

188 2247 330 2310 humani
362 2246 495 2327 generis
529 2245 708 2310 diceretur.
758 2247 829 2313 Hic
860 2248 1149 2331 amphitheatrum

190 2346 312 2412 Romae
334 2348 493 2426 aedificat,
513 2355 550 2413 et
567 2348 603 2410 in
624 2348 840 2413 dedicatione
860 2349 935 2433 ejus
958 2367 980 2413 v
1001 2349 1148 2415 ferarum

146 2470 179 2514 ao
190 2450 297 2514 millia
311 2449 448 2514 occidit.

234 2551 453 2616 Domitianus
468 2550 575 2616 frater
588 2552 661 2616 Titi
676 2551 793 2636 junior
806 2571 916 2616 annos
934 2569 999 2631 XV,
1012 2571 1148 2616 menses
1166 2563 1241 2610 4049.
1289 2563 1331 2609 ss.

192 2671 225 2718 u.
271 2655 342 2718 Hic
361 2653 531 2719 secundus
551 2661 631 2738 post
650 2653 823 2718 Neronem
839 2653 1053 2719 Christianos
1073 2673 1149 2737 per·
1193 2700 1200 2724 .

190 2755 364 2837 seqnitur3
386 2756 451 2819 sub
466 2774 535 2839 quo
551 2755 729 2838 apostolus
744 2754 767 2819 J
769 2774 899 2820 oannes
914 2755 950 2818 in
965 2754 1149 2820 Pathmum

189 2857 338 2921 insulam
352 2857 522 2939 relegatus
540 2864 612 2938 est;
641 2864 676 2922 et
692 2857 815 2923 Flavia
829 2857 1020 2936 Domitilla,
1036 2857 1148 2921 Flavii

145 2978 176 3022 aa
189 2956 376 3021 Clementis
402 2959 553 3022 consulis
581 2978 626 3022 ex
654 2978 769 3024 sorore
792 2961 916 3044 neptis,
941 2961 978 3023 in
1001 2959 1146 3023 insulam

189 3058 398 3122 Pontianam
418 3059 463 3122 ob
482 3059 562 3124 fidei
581 3060 810 3124 testimonium
827 3061 974 3125 exsulat.
1021 3060 1090 3139 Qui
1113 3069 1148 3124 et

189 3161 303 3243 ipsum
330 3160 501 3224 Joannem
534 3160 640 3224 fertur
667 3160 704 3224 in
732 3162 895 3227 servantis
924 3162 991 3226 olei
1021 3161 1148 3225 dolium

188 3263 336 3340 misisse,
365 3261 426 3326 sed
454 3261 626 3328 Joannem
654 3271 725 3327 tam
755 3265 939 3328 immunem
966 3263 1095 3328 redisse
1126 3284 1149 3327 a
1172 3260 1175 3267 ’

188 3363 314 3445 poeniS,
325 3381 429 3444 qnam
444 3382 466 3426 a
481 3365 697 3446 corruptione
713 3366 826 3430 carnis
840 3368 1002 3430 manebat
1017 3385 1150 3447 semper

145 3465 360 3528 coimmunis.

233 3565 352 3631 Nerva
380 3586 508 3630 annum
537 3583 562 3644 1,
590 3586 725 3632 menses
755 3584 805 3644 1v,
835 3568 909 3633 dies
939 3584 1024 3631 vlu.
1079 3568 1150 3632 Hic
1167 3580 1242 3627 roso.
1287 3579 1330 3625 oo.

188 3669 298 3750 primo
318 3668 432 3733 edicto
452 3688 515 3733 suo
535 3676 679 3734 cunctos
695 3670 834 3734 exsules
853 3670 1039 3747 revocavit,
1059 3670 1150 3733 unde

189 3776 225 3833 et
259 3768 414 3834 Joannes
444 3770 623 3852 apostolus
644 3770 723 3849 ,hac
759 3771 909 3853 generali
938 3769 1151 3852 indulgentia

190 3957 437 3967 -Ἢ

458 4085 477 4114 ¹³
496 4089 612 4150 Vectem]
650 4089 685 4138 H.
696 4089 727 4138 E.
742 4092 766 4151 1,
780 4088 817 4136 iii.
831 4088 844 4148 ς
858 4089 897 4134 ll.
