2850 4890
392 400 440 446 ou
458 399 531 446 snx
550 400 750 447 miximus
770 401 918 448 sucum.
1067 383 1130 446 193

174 574 261 630 rum,
281 563 402 619 contra
426 556 509 620 illud
534 557 753 633 dominicum,
776 557 923 640 Palpate
948 565 982 622 et
1006 556 1130 634 videte,

1212 572 1273 612 Anao

1151 623 1231 662 Mundi.
1247 623 1331 662 cinisii.

174 656 258 737 quia
275 658 416 739 spiritus
437 678 571 722 carnem
591 666 626 722 et
648 677 729 721 ossa
747 678 815 721 non
836 659 950 736 habet,
966 659 1056 723 sicut
1078 680 1131 724 me
1148 681 1223 725 asso.
1260 682 1317 725 uas.

174 757 300 821 videtis
320 758 453 823 habere.
499 758 593 823 Gens
613 759 925 840 Langobardorum,
945 761 1130 825 comitante

175 859 265 923 fame
274 861 537 939 etmortalitate,
549 881 684 924 omnem
696 861 830 926 invadit
842 862 993 938 Italiam,
1003 862 1131 944 ipsam-

144 978 240 1041 sque
267 960 459 1025 Romanam
486 964 658 1026 vastatrix
683 963 818 1027 obsidet
847 965 976 1041 urbem,
1005 964 1130 1045 quibus

175 1068 326 1142 tempore
341 1062 401 1125 illo
417 1082 476 1125 rex
492 1071 639 1146 praeerat
653 1063 836 1127 Albuinus.

217 1161 403 1226 Mauritius
425 1183 533 1228 annos
555 1181 641 1228 xxr.
685 1165 947 1246 Hirminigildus
962 1165 1129 1245 Levigildi
1147 1175 1221 1220 45⁵⁷·
1258 1176 1314 1219 606-

174 1261 364 1327 Gothorum
385 1266 473 1346 regis
495 1266 597 1343 filius,
621 1269 664 1331 ob
685 1267 763 1330 fidei
793 1267 971 1331 catholicae
997 1265 1129 1330 confes-

173 1364 304 1428 sionem
341 1365 654 1447 inexpugnabilem,
687 1386 709 1430 a
741 1375 840 1448 patre
871 1367 1001 1431 Ariano
1035 1368 1130 1448 regni
1201 1368 1204 1373 ’

131 1482 163 1526 10
174 1466 330 1546 privatus
355 1466 485 1543 infulis,
510 1468 603 1532 etin
627 1487 796 1532 carcerem
823 1487 863 1532 ac
888 1469 1025 1532 vincula
1051 1488 1130 1551 pro·

168 1567 296 1648 jectus,
312 1568 355 1630 ad
371 1576 560 1632 extremum
575 1577 674 1633 nocte
689 1577 810 1633 sancta
825 1569 1005 1633 dominicae
1022 1589 1130 1632 resur·

175 1669 336 1732 rectionis
346 1670 458 1732 securi
468 1670 502 1732 in
511 1669 624 1750 capite
631 1688 827 1751 percussus,
839 1689 977 1751 regnum
989 1670 1130 1733 coeleste

174 1787 237 1850 pro
260 1777 395 1833 terreno
419 1789 479 1833 rex
498 1779 533 1834 et
558 1779 687 1854 martyr
707 1771 856 1835 intravit.
902 1769 1010 1854 Cujus
1027 1771 1131 1835 frater

174 1868 380 1948 Richardus,
399 1890 480 1934 mox
504 1880 542 1935 ut
566 1892 704 1954 regnum
728 1879 808 1954 post
830 1879 963 1954 patrem
984 1872 1129 1954 accepit,

134 1989 310 2034 rsomnem
339 1971 529 2036 Gothorum
556 1975 612 2037 cui
637 1981 782 2055 praeerat
808 1981 952 2054 gentem,
977 1972 1130 2036 instante

173 2071 332 2136 Leandro
354 2072 578 2155 Hispalitano
594 2075 770 2156 episcopo,
786 2075 845 2155 qui
865 2082 899 2137 et
917 2073 1130 2153 Hirminigil-

174 2173 255 2236 dum
289 2175 463 2252 docuerat,
494 2176 698 2239 catholicam
731 2175 902 2239 convertit
937 2175 979 2236 ad
1019 2174 1129 2236 fidem.

175 2271 360 2354 Gregorius
391 2274 557 2339 Romanae
588 2276 743 2340 ecclesiae
767 2275 924 2358 pontifex
951 2283 986 2338 et
1013 2275 1132 2338 doctor
1190 2360 1193 2365 Ι

173 2374 332 2452 eximius,
367 2395 457 2439 anno
493 2376 650 2440 Mauritii
684 2377 817 2458 imperii
852 2375 983 2439 decimo
1018 2376 1130 2451 tertio,

129 2493 162 2536 so
184 2475 372 2539 indictione
396 2477 528 2540 decima
556 2478 667 2553 tertia,
696 2476 865 2559 synodum
892 2475 1129 2557 episcoporum

174 2576 273 2638 xxlv
301 2577 345 2639 ad
370 2596 493 2658 corpus
518 2578 611 2641 beati
631 2577 780 2659 apostoli
803 2576 898 2639 Petri
918 2594 1128 2657 congregans

173 2677 215 2740 de
242 2679 448 2743 necessariis
477 2679 632 2745 ecclesiae
665 2678 827 2742 decernit.
888 2675 984 2739 Idem
1013 2676 1128 2738 missis

173 2779 380 2844 Brittaniam
399 2780 604 2862 Augustino,
623 2781 757 2857 Melito,
775 2787 811 2843 et
830 2779 853 2843 J
855 2798 977 2855 oanne,
996 2786 1031 2841 et
1050 2777 1128 2840 aliis

171 2880 326 2962 pluribus
346 2901 423 2945 cum
443 2882 494 2946 eis
515 2882 693 2946 monacbis
717 2882 916 2947 timentibus
937 2879 1061 2955 Deum,
1084 2880 1127 2942 ad

127 3001 159 3044 25
173 2979 346 3045 Christum
356 2981 488 3065 Anglos
500 2984 684 3064 convertit;
700 2993 735 3047 et
746 2983 882 3067 quidem
894 2981 1126 3044 AEdilberctus

170 3101 252 3145 mox
267 3082 311 3146 ad
328 3081 455 3147 Christi
470 3085 613 3165 gratiam
629 3103 814 3149 conversus
830 3102 907 3147 curn
923 3089 1022 3163 gente
1038 3079 1127 3143 Can·

172 3183 369 3259 tuariorum,
400 3185 456 3247 cui
482 3192 640 3266 praeerat,
669 3184 903 3267 proximisque
931 3181 1127 3264 provinciis,

169 3283 274 3347 etiam
295 3284 494 3365 episcopum
513 3285 753 3367 doctoremque
772 3304 871 3348 suum
886 3282 1127 3364 Augustinum,

171 3381 234 3445 sed
263 3391 299 3446 et
323 3393 455 3447 ceteros
481 3404 598 3448 sacros
624 3385 808 3460 antistites,
832 3383 1021 3465 episcopali
1047 3384 1128 3447 sede

127 3483 333 3547 sodonabat.
390 3484 497 3547 Porro
528 3494 646 3566 gentes
676 3485 865 3566 Anglorum
893 3485 937 3547 ab
968 3483 1128 3565 aquilone

173 3583 294 3647 Umbri
323 3585 473 3649 fluminis
501 3587 566 3649 sub
594 3587 730 3667 regibus
760 3585 851 3649 AElle
880 3593 916 3649 et
945 3583 1129 3648 AEdilfrido

208 3837 632 3908 ¹Pulpute.]St.Luke‚xxiv.³9.
703 3839 723 3869 ²²
739 3842 824 3891 Missis
835 3835 1008 3908 Britanniam]
1045 3841 1082 3891 H.
1097 3843 1127 3889 E.

209 3908 228 3938 ¹⁸
246 3910 398 3972 Gregorius]
439 3913 502 3959 This
526 3914 633 3961 Couucii
668 3913 852 3975 r.xxii.§5l;
872 3909 1032 3975 11.iii.§95.

173 3995 228 4029 was
240 3982 301 4030 held
316 3984 342 4030 in
360 3994 426 4031 an.
445 3986 503 4043 595,
522 3984 573 4031 and
592 3985 635 4031 the
703 3979 723 4009 ²⁵
739 3976 920 4049 AEditberctas;]
945 3981 980 4029 H.
991 3981 1023 4029 E.
1036 3994 1054 4029 ι.
1068 3995 1128 4029 xxv.

173 4053 248 4101 dates
260 4053 335 4113 given
354 4053 385 4111 by
406 4053 478 4100 Reda
497 4067 541 4101 are
561 4068 635 4102 accu-
670 4053 737 4115 §ab

174 4129 238 4171 rate.

218 4221 307 4267 ΤΟΜ.
327 4221 366 4266 ΙΙ.
848 4222 868 4266 Ο
