2850 4890
310 354 354 417 50
597 369 689 424 vrri
707 371 736 418 s.
754 369 986 431 cunensem,

314 551 451 611 annum,
475 534 534 616 qui
561 543 640 617 post
667 534 847 598 infantiam
871 533 1027 616 pueritiae
1052 532 1180 615 primus
1206 536 1270 608 est,

213 640 222 652 “
313 634 397 697 solis
420 637 638 717 parvulorum
658 624 755 699 ¹ludis
782 643 817 699 et
842 634 995 698 lasciviae
1018 642 1164 697 mentem
1187 632 1269 696 dare

136 2979 249 3020 Hleiutore

135 3032 255 3081 bishoprlclr

134 3083 249 3136 predicted.

314 746 468 814 noverat,
480 737 532 801 ita
550 744 590 801 ut
607 737 691 800 illud
713 737 805 801 beati
827 735 998 800 Samuelis
1024 741 1106 797 tunc
1129 734 1171 797 de
1191 734 1269 815 ipso

313 847 432 918 posset
458 839 690 901 testimonium
715 838 795 915 dici,
819 837 928 900 Porro
956 836 1167 900 Cudberctus
1191 853 1271 897 nec-

312 939 393 1001 dum
419 939 552 1003 sciebat
576 939 772 1015 Dominum,
787 957 897 1020 neque
916 936 1087 1002 revelatus
1107 935 1220 998 fuerat
1238 934 1270 998 ei
1297 954 1313 997 5

313 1059 425 1103 sermo
439 1039 590 1103 Domini.
633 1038 734 1117 Quod
750 1041 785 1101 in
797 1038 1005 1120 praeconium
1017 1036 1128 1099 laudis
1140 1035 1269 1099 dictum

312 1147 367 1205 est
388 1142 543 1224 pueritiae
564 1140 667 1217 illius,
690 1140 750 1222 qui
773 1146 877 1203 aetate
898 1139 1009 1222 major
1028 1137 1176 1220 perfecte
1193 1135 1269 1219 jam

312 1244 509 1324 cogniturus
532 1250 606 1307 erat
629 1242 825 1320 Dominum,
850 1260 890 1304 ac
913 1258 1103 1303 sermonem
1128 1237 1269 1301 Domini

311 1345 464 1409 revelata
493 1345 604 1409 cordis
631 1364 711 1408 aure
738 1348 971 1424 percepturae.
1022 1340 1270 1403 Oblectabatur

312 1465 401 1528 ergo,
416 1452 456 1509 ut
470 1445 630 1523 diximus,
640 1445 731 1528 jocis
749 1452 785 1508 et
804 1444 989 1526 vagitibus,
1004 1449 1038 1507 et
1055 1442 1161 1525 juxta
1175 1440 1268 1522 quod
1281 1458 1312 1503 ro

313 1547 427 1610 aetatis
457 1545 540 1610 ordo
568 1548 745 1629 poscebat,¹
772 1545 994 1628 parvulorum
1020 1542 1270 1607 conventiculis

312 1648 477 1712 interesse
495 1648 666 1729 cupiebat,
684 1646 884 1711 ludentibus
905 1645 1075 1709 colludere
1096 1644 1269 1708 desidera-

312 1751 391 1830 bat3
408 1756 442 1812 et
453 1748 536 1830 quia
545 1747 644 1828 agilis
655 1755 780 1811 natura
790 1754 894 1829 atque
906 1754 1029 1811 acutus
1041 1752 1114 1809 erat
1123 1743 1270 1827 ingenio,

312 1848 596 1912 contendentibus
619 1847 702 1910 ludo
724 1847 852 1928 saepius
876 1847 1062 1928 praevalere
1082 1865 1269 1910 consueve-

312 1958 376 2026 rat,
393 1949 479 2012 adeo
493 1955 542 2025 ut,
560 1946 662 2011 fessis
683 1966 929 2028 nonnunquam
948 1947 1082 2023 ceteriS,
1096 1946 1154 2009 ille
1172 1946 1312 2010 inde-15

311 2051 425 2115 fessus
451 2050 572 2127 adhuc,
600 2050 629 2114 si
654 2050 714 2133 qui
739 2049 831 2112 ultra
857 2067 973 2112 secum
995 2048 1122 2112 vellent
1138 2055 1268 2113 certare

313 2152 414 2233 quasi
439 2151 548 2216 victor
575 2150 793 2214 laetabundus
823 2149 1018 2230 inquireret.
1069 2149 1149 2212 Sive
1178 2149 1269 2212 enim

313 2253 416 2328 saltu,
440 2252 513 2315 sive
540 2271 654 2327 cursu,
675 2251 749 2314 sive
771 2250 914 2326 luctatu,
937 2270 999 2313 seu
1023 2251 1175 2333 quolibet
1199 2251 1268 2315 alio

312 2353 535 2415 membrorum
556 2351 760 2427 sinuamine,
784 2370 823 2413 se
843 2357 1051 2428 exercerent,
1072 2351 1129 2414 ille
1151 2369 1269 2415 omnes

312 2470 497 2533 aequaevos,
511 2457 546 2514 et
559 2450 740 2514 nonnullos
756 2451 859 2513 etiam
875 2449 1033 2533 majores,
1050 2471 1072 2515 a
1090 2471 1127 2515 se
1147 2452 1269 2532 gloria·
1279 2471 1312 2515 rc

310 2551 414 2614 batur
428 2571 504 2615 esse
525 2559 715 2633 superatos.
761 2551 847 2615 Cum
869 2551 960 2614 enim
980 2561 1073 2616 esset
1092 2552 1270 2636 parvulus,

310 2659 350 2715 ut
372 2653 536 2735 parvulus
561 2654 729 2736 sapiebat,
746 2660 787 2717 ut
807 2653 970 2737 parvulus
991 2654 1184 2734 cogitabat;
1208 2655 1269 2736 qui

309 2755 528 2835 postmodum
546 2753 659 2819 sactus
679 2756 731 2819 vir
749 2753 949 2836 plenissime
970 2773 1021 2831 ea,
1036 2774 1114 2836 quae
1135 2756 1270 2837 parvuli

309 2863 417 2931 erant,
433 2857 604 2939 deposuit.
720 2859 725 2863 '
1336 2935 1338 2937 ,

352 2955 426 3037 §d
464 2956 510 3020 Et
544 2957 682 3039 quidem
715 2958 833 3022 divina
865 2957 1081 3040 dispensatio
1108 2955 1269 3039 primitus
1279 2975 1310 3020 2⁵

309 3056 491 3120 elationem
522 3058 627 3120 animi
653 3059 794 3140 puerilis
825 3059 929 3140 digno
960 3059 1148 3142 paedagogo
1177 3077 1269 3121 com-

308 3176 448 3240 pescere
467 3158 609 3239 dignata
626 3165 689 3221 est.
736 3159 839 3237 Nam,
855 3161 946 3224 sicut
965 3162 1077 3224 beatae
1096 3161 1268 3223 memoriae

308 3259 494 3323 Trumuine
505 3261 688 3342 episcopus
704 3261 835 3343 abipso
849 3261 1044 3326 Ondbercto
1059 3261 1124 3324 sibi
1140 3261 1269 3324 dictum

307 3358 519 3442 perhibebat,
541 3361 622 3425 dum
646 3363 796 3444 quadam
821 3364 876 3427 die
900 3363 1003 3426 solito
1026 3361 1207 3426 luctamini
1232 3362 1267 3424 in

351 3651 517 3725 ³Scmuelic.]
536 3657 629 3718 lReg.
644 3659 682 3708 iii.
694 3662 719 3709 7.
804 3659 862 3706 rick
886 3659 916 3707 of
936 3659 1099 3707 Lindisfarne
1122 3657 1169 3724 (iv.
1188 3663 1231 3720 28,
1254 3655 1267 3723 §

342 3722 362 3754 ²⁸
379 3726 505 3775 Tremulus
528 3723 669 3794 episcopua]
722 3728 770 3776 See
804 3726 873 3792 347),
898 3730 949 3778 and
973 3744 1042 3790 upon
1064 3729 1107 3777 the
1133 3728 1211 3777 death
1241 3728 1270 3777 os

307 3795 373 3846 Acta
386 3798 473 3847 Sanct.
487 3797 611 3847 Februar.
628 3803 689 3847 tom.
702 3799 730 3846 ii.
744 3813 770 3859 p.
803 3799 931 3861 Ecgsrith,
947 3799 1010 3859 king
1027 3798 1056 3846 of
1070 3799 1266 3858 Northumbria,

306 3860 363 3916 tlt.
409 3869 451 3916 He
474 3881 529 3916 was
555 3868 647 3930 bishop
674 3869 704 3917 oi
726 3869 770 3917 the
803 3870 829 3916 in
849 3884 915 3918 nn.
936 3873 994 3930 684,
1013 3883 1068 3917 was
1089 3869 1178 3917 driven
1202 3869 1266 3916 from

306 3937 379 3987 Piets
391 3936 440 4002 (H.
451 3939 482 3986 E.
496 3938 531 3987 iv.
545 3936 698 4003 latmo),
714 3953 769 3987 was
802 3939 842 3986 his
866 3941 968 3988 diocese
990 3940 1042 3987 and
1066 3939 1209 3999 compelled
1240 3944 1266 3986 to

305 4023 354 4056 one
374 4008 403 4056 of
423 4009 496 4057 those
517 4008 577 4055 who
600 4009 712 4058 induced
730 4010 769 4058 St.
803 4009 863 4057 take
879 4010 969 4070 refuge
982 4010 1008 4057 in
1021 4010 1064 4058 the
1080 4013 1225 4070 monastery
1240 4009 1269 4057 os

306 4078 433 4128 Cuthbert
452 4083 478 4127 to
495 4082 586 4139 accept
604 4078 647 4127 the
664 4079 768 4140 bishop-
802 4078 965 4145 Whitby(iv.
977 4084 1019 4140 26,
1032 4079 1046 4146 ς
1058 4080 1129 4144 ³41).
