2850 4890
266 352 331 416 304
639 365 852 413 srenunrx.

94 517 237 568 Α.1).999.
268 513 463 593 simplicitatis
485 532 521 572 ac
541 511 723 583 humilitatis,
739 512 855 570 nomine
872 510 1012 582 Gamelo,
1031 511 1083 592 qui
1102 531 1181 571 nunc
1199 511 1225 569 in

267 599 387 659 Christo
402 598 520 669 dormit,
534 599 642 678 saepius
658 618 690 656 se
705 597 816 658 vidisse
831 597 962 656 attestati
976 607 1055 656 sunt.

310 689 386 757 §aa
409 684 506 743 Porro
531 692 707 742 memoratus
730 684 896 762 presbyter,
921 701 989 741 cum
1010 681 1167 741 honestam
1190 700 1224 739 ac

193 839 198 847 ⁵
268 769 434 847 religiosam
450 777 552 847 ageret
566 770 666 838 vitam,
676 771 782 847 jussus
799 789 851 846 per
869 767 1023 838 visionem,
1038 787 1092 846 per
1105 768 1225 844 antiqua

269 856 508 914 monasteriorum
526 865 556 914 et
574 855 764 914 ecclesiarum
782 852 850 912 loca
867 853 1006 922 cucurrit,
1028 854 1056 911 iu
1075 853 1225 931 provincia
1248 869 1260 911 ⁵

268 939 595 1018 Nortlranhymbrorum
613 960 685 999 ossa
703 948 883 1009 sanctorum,
896 959 963 1016 quae
983 938 1012 995 in
1033 937 1092 996 illis
1112 938 1225 1016 sepulta

267 1035 400 1094 noverat,
414 1025 452 1084 de
465 1033 541 1084 terra
559 1026 679 1096 levavit,
695 1045 731 1085 ac
748 1024 928 1084 declaranda
946 1022 1063 1102 populis
1084 1032 1115 1082 et
1137 1043 1223 1081 vene·

267 1110 359 1170 randa
374 1131 462 1189 super
476 1112 595 1169 humum
611 1110 710 1170 locata
723 1110 849 1189 reliquit,
861 1129 932 1169 ossa
940 1108 1076 1168 nimirum
1092 1108 1224 1167 Baltberi

268 1205 298 1255 et
326 1196 443 1255 Biliridi
470 1197 723 1265 anachoretarum,
750 1195 839 1254 Acca
862 1215 981 1274 quoque
1005 1200 1036 1254 et
1060 1192 1224 1253 Alcmundi

267 1283 473 1362 episcoporum
502 1280 802 1359 Hagustaldensium,
831 1300 885 1340 nec
912 1300 968 1339 non
998 1280 1077 1356 regis
1110 1279 1261 1338 Oswinilo

267 1376 298 1426 et
322 1368 537 1427 abbatissarum
555 1367 763 1426 venerabiiium
787 1365 883 1425 Ebbae
905 1375 935 1424 et
952 1364 1133 1442 Eteligitbrc.
1177 1364 1225 1423 De

267 1473 389 1532 quorum
408 1453 536 1512 omnium
557 1452 687 1532 reliquiis
704 1453 831 1531 aliquam
850 1470 950 1509 secum
965 1450 1123 1529 partemin
1141 1448 1223 1508 Dun-

266 1537 395 1597 helmum
410 1537 574 1617 asportavit
586 1546 617 1597 et
632 1557 700 1596 cum
719 1537 809 1617 patris
826 1535 980 1594 Cuthberti
999 1554 1124 1614 corpore
1142 1535 1223 1594 loca·

265 1624 317 1683 vit.
360 1623 413 1682 Ad
440 1624 636 1682 Mailrosense
660 1641 779 1702 quoque
802 1621 1010 1681 monasterium
1033 1640 1088 1698 per
1110 1620 1222 1679 revela·

266 1709 373 1767 tionem
401 1709 568 1768 admonitus
593 1707 795 1788 proficiscens,
820 1727 892 1766 ossa
916 1706 1010 1765 sancti
1032 1705 1152 1775 Boisili,
1173 1707 1259 1784 qui15

264 1794 344 1852 beati
360 1793 515 1853 cuthberti
535 1794 685 1874 quondam
705 1793 844 1871 magister
863 1795 892 1851 in
915 1791 1020 1849 eodem
1042 1792 1222 1850 monasterio

266 1880 430 1949 exstiterat,
452 1878 520 1938 inde
544 1881 572 1937 in
596 1881 689 1959 ipsius
714 1877 851 1957 discipuli
877 1877 1036 1936 ecclesiam
1062 1877 1222 1936 transtulit.

265 1963 319 2022 Ad
341 1965 548 2022 monasterium
564 1965 663 2034 etiam,
683 1964 762 2043 quod
782 1964 871 2021 estin
893 1962 1010 2042 Gyruii,
1031 1961 1083 2021 ubi
1106 1961 1222 2020 Bedam

265 2046 418 2107 doctorem
442 2061 659 2119 conversatum,
680 2048 852 2108 defunctum
873 2058 903 2106 et
922 2048 1070 2126 sepultum
1088 2057 1222 2118 noverat,

266 2134 388 2211 siugulis
411 2135 506 2204 annis,
528 2134 703 2195 adveniente
728 2133 926 2193 anniversaria
949 2132 1132 2192 dormitionis
1156 2135 1260 2211 ejustrt

266 2218 324 2288 die,
349 2221 459 2291 venire,
482 2220 581 2299 ibique
600 2221 735 2300 precibus
758 2228 788 2278 et
809 2219 916 2296 vigiliis
938 2220 1074 2277 insistere
1095 2219 1220 2280 solebat.

266 2304 356 2370 Quod
380 2325 448 2364 cum
472 2304 601 2384 quodam
625 2305 673 2364 die
695 2305 815 2374 faceret,
841 2311 872 2363 et
894 2304 1007 2383 aliquot
1026 2303 1137 2362 ibidem
1156 2303 1221 2364 dies

266 2391 348 2450 solus
368 2393 396 2450 iu
419 2392 548 2450 ecclesia
563 2391 675 2451 orando
693 2401 724 2451 et
738 2389 888 2468 vigilando
904 2390 1107 2466 transegisset,
1126 2391 1221 2450 nesci·

265 2477 381 2536 entibus
397 2477 497 2547 sociis,
513 2497 627 2536 summo
642 2475 779 2551 diluculo
793 2476 885 2544 solus,
899 2474 1062 2555 quodante
1077 2495 1135 2534 non
1150 2495 1220 2535 con·

267 2572 414 2631 sueverat,
430 2561 628 2622 Dunlrelmum
647 2561 742 2631 rediit,
765 2562 809 2620 sui
829 2560 968 2620 videlicet
984 2561 1090 2620 secreti
1110 2561 1221 2620 nullum
1232 2575 1260 2619 25

265 2647 368 2707 volens
388 2656 493 2706 testem
509 2649 627 2707 habere.
670 2647 753 2706 Nam
769 2666 835 2705 cum
857 2646 956 2704 multis
974 2653 1081 2723 postea
1097 2647 1223 2707 vixisset

265 2733 359 2803 annis,
373 2742 523 2811 tamquam
531 2735 595 2812 jam
611 2732 738 2812 adeptus
752 2731 832 2811 quod
847 2731 1046 2811 concupierat,
1061 2730 1100 2790 ad
1114 2732 1221 2811 praefa-

264 2825 325 2876 tum
354 2819 560 2878 monasterium
588 2818 714 2897 amplius
742 2818 840 2877 venire
867 2837 923 2876 uon
952 2817 1076 2878 curavit.
1129 2817 1221 2877 Unde

265 2902 373 2981 saepius
396 2922 414 2960 a
435 2903 495 2962 suis
517 2903 698 2962 familiariter
722 2903 878 2982 requisitus
905 2903 1021 2961 ubinam
1043 2904 1220 2963 venerabilis

266 2987 359 3048 Bedae
380 3007 450 3046 ossa
467 2989 663 3066 quiescerent,
678 2988 855 3066 respondere
875 2987 1001 3057 solebat,
1022 2988 1118 3048 ‘Hoc
1134 3009 1221 3048 nemo
1231 3001 1258 3046 3ο

265 3094 311 3132 me
322 3075 429 3133 certius
444 3074 535 3132 novit.
580 3074 709 3132 Firmum
721 3073 749 3131 Ο
762 3072 956 3142 dilectissimi,
966 3080 996 3132 et
1010 3073 1113 3152 procul
1128 3074 1220 3134 dubio

265 3168 376 3217 certum
400 3158 545 3229 babeatis,
565 3159 647 3238 quod
667 3158 770 3218 eadem
792 3158 889 3229 theca,
911 3179 978 3237 quae
999 3179 1108 3238 corpus
1128 3161 1220 3239 patris

307 3465 445 3516 'Battlrm‘
466 3475 490 3518 et
511 3471 637 3536 Bilfridi]
675 3473 724 3524 See
758 3471 877 3534 drithae3’
901 3473 949 3522 but
969 3472 1012 3522 the
1037 3477 1094 3522 test
1114 3475 1138 3523 is
1158 3489 1218 3538 sup·

262 3538 329 3588 Acta
343 3539 390 3588 SS.
403 3543 419 3587 6
432 3539 511 3590 Mart.
756 3544 846 3606 ported
859 3544 892 3604 by
903 3544 929 3592 S.
944 3543 1064 3593 Dunelm.
1077 3557 1118 3594 111.
1128 3546 1176 3595 vii.

195 3653 197 3658 .
295 3605 318 3728 ⁷⁹
334 3603 420 3677 Acca]
455 3611 504 3660 See
521 3614 615 3662 Decem
630 3613 723 3673 Script.
792 3611 811 3640 ¹⁵
827 3609 938 3682 Boutta]
963 3616 1012 3664 See
1031 3617 1100 3666 Acta
1120 3616 1168 3666 SS.
1186 3619 1217 3666 2³

262 3684 318 3730 29.
755 3683 864 3733 Jannar.

306 3746 316 3777 ⁹
332 3745 479 3818 Alcmundi]
494 3751 723 3815 Alcmundbishop
792 3750 810 3782 ¹⁷
830 3749 982 3821 Transtulit]
1009 3788 1078 3804 ....
1097 3760 1124 3805 et
1138 3757 1218 3817 juxta

263 3821 292 3869 ol
308 3820 428 3868 Hexham
444 3835 498 3870 vvas
514 3824 680 3872 consecrated
697 3824 723 3871 in
755 3824 833 3881 illins,
852 3839 946 3887 corpus
970 3825 996 3872 in
1020 3825 1102 3873 altero
1123 3827 1217 3875 scrinio

262 3891 434 3941 ⁷68anddied
445 3893 644 3953 on'lSept.781,
673 3894 722 3942 See
755 3895 883 3954 decenter,
899 3897 966 3944 sicut
982 3894 1105 3944 hactenus
1122 3895 1217 3945 haben·

261 3964 329 4012 Acta
341 3961 388 4009 SS.
400 3975 431 4008 on
445 3960 501 4009 that
513 3963 574 4023 day.
755 3966 934 4023 tur,condidit.
971 3964 1055 4016 Addit.
1066 3967 1216 4016 &Dunelm.

298 4029 315 4059 ¹¹
332 4026 496 4099 Eteligitlroe.]
515 4032 547 4080 In
557 4032 600 4081 the
609 4033 723 4081 abstract
789 4032 809 4062 ³²
822 4030 936 4103 Carpum]
948 4036 1154 4086 Sacratissimum
1162 4053 1216 4087 cor·

261 4100 458 4167 by‘nerandphe
468 4102 576 4164 reading
586 4100 721 4152 is‘Ethel·
754 4119 813 4169 pus,
826 4107 854 4156 S.
867 4107 987 4155 Dunelm.
