2850 4890
118 546 152 596 A·
161 546 194 599 D.
206 550 265 598 716.

115 969 208 1010 Eieetion
218 975 242 1012 ot

117 1020 254 1064 Hwaetberht.

289 359 354 424 158
551 377 642 425 viru
662 377 690 425 s.
708 373 995 434 uwruronnurr,

290 534 444 598 ecclesiae
468 553 585 599 cereas
610 533 769 598 ardentes
796 539 832 596 et
857 550 992 596 crucem
1015 527 1165 593 ferentes
1191 545 1251 590 au·

288 655 393 714 ream,
429 637 553 701 transit
589 637 726 713 flumen,
764 636 885 699 adorat
916 651 1063 709 crucem,
1094 626 1251 693 ascendit

289 757 414 820 equum
431 746 466 802 et
485 739 582 815 abiit,
602 739 732 802 relictis
748 739 783 801 in
798 735 1014 801 monasteriis
1030 733 1104 798 suis
1123 730 1250 794 Fratri·

288 841 353 904 bus
368 859 507 904 numero
522 840 625 905 ferme
642 840 827 904 sexcentis.
1122 904 1126 907 .

332 940 351 1025 ᾖ
366 941 417 1006 18,
440 940 507 1006 Illo
523 949 638 1006 autem
653 942 801 1006 abeunte
816 960 894 1004 cum
910 939 1025 1016 sociis,
1038 936 1185 1001 redeunt
1203 933 1246 999 ad
1270 952 1282 994 s

288 1043 469 1108 ecclesiam
490 1041 638 1119 Fratres
664 1061 702 1106 se
727 1061 768 1106 ac
794 1061 857 1106 sua
877 1040 1026 1105 Domino
1049 1038 1188 1102 fletibus
1214 1042 1247 1101 et

287 1145 441 1208 oratione
466 1142 723 1208 commendant:
745 1150 782 1208 et
808 1148 888 1225 post
910 1161 980 1205 non
1000 1140 1127 1222 grande
1146 1141 1247 1202 inter·

285 1246 413 1311 vallum
438 1246 610 1329 completa
634 1245 727 1310 horae
754 1245 865 1310 tertiae
891 1242 1094 1326 psalmodia,
1116 1259 1246 1304 rursum

285 1346 496 1412 conveniunt
521 1366 661 1427 omnes3
685 1347 766 1429 quid
790 1345 957 1427 agendum
977 1344 1024 1408 sit
1043 1342 1244 1421 consulunt3

286 1450 426 1528 orando,
452 1448 644 1530 psallendo,
670 1456 706 1513 et
725 1447 917 1531 jejunando
935 1445 1075 1510 Patrem
1097 1444 1201 1508 citius
1223 1460 1280 1506 aro

285 1550 362 1614 Deo
373 1548 594 1634 quaerendum
605 1550 810 1628 decernunt3
832 1547 1009 1611 monachis
1024 1547 1119 1610 beati
1131 1544 1244 1622 Pauli,

286 1650 465 1715 Fratribus
486 1650 647 1716 videlicet
671 1651 755 1728 suis,
775 1667 972 1733 percorum
994 1647 1166 1730 quosdam
1187 1647 1245 1729 qui

283 1753 437 1831 aderant,
451 1771 586 1817 necnon
606 1759 642 1817 et
660 1771 800 1816 suorum
818 1750 964 1834 aliquos
980 1748 1066 1832 quid
1087 1748 1244 1813 decreve-

283 1855 361 1933 rint,
384 1855 549 1937 pandunt.
594 1853 802 1919 Assentiunt
824 1860 859 1917 et
883 1852 946 1930 iili,
966 1852 1005 1916 fit
1022 1857 1242 1933 utrorumque

278 1956 419 2020 animus
455 1975 556 2034 unus,
590 1957 739 2020 omnium
775 1954 880 2019 corda
913 1973 1059 2032 sursum,
1093 1954 1243 2017 omnium
1253 1971 1278 2028 rs

282 2057 440 2122 levantur
460 2076 563 2124 voces
585 2057 629 2122 ad
649 2057 845 2121 Dominum.
889 2055 1044 2120 Tandem
1060 2055 1116 2120 die
1132 2056 1242 2132 tertia,

283 2159 441 2223 veniente
475 2158 646 2223 dominico
680 2158 735 2223 die
770 2158 1007 2235 Pentecostes,
1034 2158 1243 2223 conveniunt

283 2245 400 2325 omnes
421 2262 481 2344 qui
500 2270 597 2326 erant
615 2263 651 2326 in
670 2261 879 2326 monasterio
895 2261 989 2324 beati
1003 2259 1098 2324 Petri
1113 2259 1150 2322 in
1162 2279 1242 2323 con-

283 2362 410 2441 cilium,
426 2371 548 2428 assunt
568 2371 604 2428 et
623 2365 665 2428 de
683 2363 890 2428 monasterio
904 2362 997 2428 beati
1013 2361 1116 2426 Pauli
1131 2362 1243 2426 senio-

281 2483 356 2527 rum
381 2484 450 2528 non
468 2464 581 2547 pauci.
628 2463 687 2529 Fit
706 2485 776 2529 una
797 2463 991 2541 concordia,
1009 2463 1131 2528 eadem
1150 2471 1279 2530 utre-ro

280 2583 422 2647 rumque
448 2565 630 2630 sententia.
675 2565 823 2648 Eligitur
841 2567 959 2649 itaque
981 2568 1089 2631 abbas
1109 2565 1241 2633 Hwaet·

281 2666 452 2744 berchtus,
466 2667 525 2750 qui
541 2687 562 2731 a
576 2668 694 2751 primis
714 2668 872 2750 pueritiae
892 2668 1104 2750 temporibus
1122 2668 1240 2734 eodem

281 2768 317 2831 in
345 2770 552 2834 monasterio
585 2788 655 2832 non
689 2770 799 2834 solnm
827 2770 992 2852 regularis
1022 2771 1242 2836 observantia

279 2869 469 2954 disciplinae
494 2870 685 2949 institutus,
712 2871 771 2937 sed
797 2879 833 2935 et
858 2872 1039 2950 scribendi,
1066 2874 1242 2949 cantandi,

279 2972 415 3054 legendi
440 2992 480 3037 ac
500 2973 646 3037 docendi
668 2974 781 3038 fuerat
803 2993 871 3037 non
896 2992 1006 3056 parva
1030 2974 1241 3040 exercitatus
1251 2993 1278 3038 ns

279 3073 458 3138 industria.
503 3074 650 3142 Romam
664 3095 800 3158 quoque
818 3076 1026 3158 temporibus
1042 3077 1155 3141 beatae
1170 3097 1240 3143 me-

278 3176 397 3240 moriae
410 3176 521 3259 Sergii
534 3197 636 3261 papae
651 3196 843 3255 accurrens,
858 3185 894 3243 et
905 3196 976 3240 non
991 3196 1098 3261 parvo
1114 3178 1240 3243 ibidem

278 3278 441 3359 temporis
455 3279 568 3361 spatio
584 3279 791 3356 demoratus
801 3298 947 3361 quaeque
962 3279 1029 3343 sibi
1044 3281 1240 3344 necessaria

270 3378 469 3463 judicabat,¹
491 3380 624 3461 didicit,
650 3381 845 3465 descripsit,
870 3382 1005 3462 retulit3
1036 3382 1179 3466 insuper
1203 3391 1237 3450 et

276 3480 455 3544 duodecim
474 3490 555 3546 ante
572 3481 647 3546 haec
670 3502 779 3546 annos
800 3483 1004 3565 presbyterii
1025 3491 1080 3548 est
1098 3482 1275 3549 functusso

277 3581 397 3647 officio.
442 3582 512 3647 Hic
526 3585 629 3666 igitur
644 3584 775 3649 electus
796 3586 904 3649 abbas
920 3586 964 3650 ab
979 3586 1137 3652 omnibus
1152 3588 1236 3652 utri·

276 3682 386 3767 usqu‘e
394 3684 531 3767 praefati
539 3686 738 3750 monasterii
749 3684 1062 3763 Fratribus‚statim
1071 3688 1235 3758 assumtis

276 3804 393 3851 secum
409 3787 582 3870 aliquibus
598 3787 769 3865 Fratrum,
784 3787 878 3852 venit
898 3788 941 3851 ad
962 3789 1123 3853 abbatem
1139 3789 1235 3854 Ceol·

274 3886 398 3951 fridum
418 3908 555 3955 cursum
579 3889 692 3967 naviS,
709 3908 779 3971 qua
802 3907 968 3953 oceanum
985 3893 1156 3969 transiret,
1175 3913 1235 3957 ex-

308 4139 328 4169 ²³
346 4142 396 4199 Qui
415 4177 422 4191 .
441 4178 448 4193 .
468 4178 475 4193 .
494 4138 735 4211 commendatoriam]
771 4142 843 4192 these
851 4143 902 4192 and
912 4143 955 4191 the
965 4144 1142 4196 intermediate
1149 4147 1235 4196 words

273 4213 315 4274 By
326 4227 367 4262 an
387 4214 518 4276 oversigbt
537 4214 566 4264 of
587 4214 631 4264 the
653 4214 736 4265 scribe
772 4229 816 4263 are
829 4215 935 4264 omitted
947 4216 972 4266 in
989 4216 1022 4267 H.
1074 4240 1076 4247 v
