<?xml version="1.0" encoding="UTF-8"?>
<!DOCTYPE html PUBLIC "-//W3C//DTD XHTML 1.0 Transitional//EN"
    "http://www.w3.org/TR/xhtml1/DTD/xhtml1-transitional.dtd">
<html xmlns="http://www.w3.org/1999/xhtml" xml:lang="en" lang="en">
 <head>
  <title>
</title>
<meta http-equiv="Content-Type" content="text/html;charset=utf-8" />
  <meta name='ocr-system' content='tesseract 3.04.00' />
  <meta name='ocr-capabilities' content='ocr_page ocr_carea ocr_par ocr_line ocrx_word'/>
</head>
<body>
  <div class='ocr_page' id='page_1' title='image "./venerabilisbeda00bedegoog_0338.png"; bbox 0 0 2850 4890; ppageno 0'>
   <div class='ocr_carea' id='block_1_1' title="bbox 332 356 1202 423">
    <p class='ocr_par' dir='ltr' id='par_1_1' title="bbox 332 356 1202 423">
     <span class='ocr_line' id='line_1_1' title="bbox 332 356 1202 423; baseline -0.002 -1"><span class='ocrx_word' id='word_1_1' title='bbox 332 375 431 423; x_wconf 85' lang='lat' dir='ltr'>rrrsr.</span> <span class='ocrx_word' id='word_1_2' title='bbox 448 371 762 422; x_wconf 75' lang='lat' dir='ltr'>rususnurrours</span> <span class='ocrx_word' id='word_1_3' title='bbox 780 373 808 420; x_wconf 87' lang='lat' dir='ltr'>s.</span> <span class='ocrx_word' id='word_1_4' title='bbox 827 371 1060 420; x_wconf 83' lang='lat' dir='ltr'>currrnsnrr.</span> <span class='ocrx_word' id='word_1_5' title='bbox 1136 356 1202 421; x_wconf 85' lang='grc'>317.</span> 
     </span>
    </p>
   </div>
   <div class='ocr_carea' id='block_1_2' title="bbox 206 520 1209 1882">
    <p class='ocr_par' dir='ltr' id='par_1_2' title="bbox 206 520 1209 1882">
     <span class='ocr_line' id='line_1_2' title="bbox 245 520 1203 600; baseline -0.001 -19"><span class='ocrx_word' id='word_1_6' title='bbox 245 521 354 582; x_wconf 86' lang='lat' dir='ltr'>cadere</span> <span class='ocrx_word' id='word_1_7' title='bbox 387 530 417 580; x_wconf 88' lang='lat' dir='ltr'>ct</span> <span class='ocrx_word' id='word_1_8' title='bbox 450 521 579 580; x_wconf 91' lang='lat' dir='ltr'>clamore</span> <span class='ocrx_word' id='word_1_9' title='bbox 606 521 758 580; x_wconf 85' lang='lat' dir='ltr'>universos</span> <span class='ocrx_word' id='word_1_10' title='bbox 789 521 966 600; x_wconf 86' lang='lat' dir='ltr'>perturbare.</span> <span class='ocrx_word' id='word_1_11' title='bbox 1026 520 1106 586; x_wconf 78' lang='lat' dir='ltr'>Quae</span> <span class='ocrx_word' id='word_1_12' title='bbox 1136 530 1203 600; x_wconf 84' lang='lat' dir='ltr'>post</span> 
     </span>
     <span class='ocr_line' id='line_1_3' title="bbox 246 605 1205 689; baseline -0.001 -23"><span class='ocrx_word' id='word_1_13' title='bbox 246 607 410 689; x_wconf 79' lang='lat' dir='ltr'><strong>paullulum</strong></span> <span class='ocrx_word' id='word_1_14' title='bbox 437 616 537 666; x_wconf 88' lang='lat' dir='ltr'>erecta</span> <span class='ocrx_word' id='word_1_15' title='bbox 563 605 688 686; x_wconf 86' lang='lat' dir='ltr'>pedibus</span> <span class='ocrx_word' id='word_1_16' title='bbox 716 607 778 665; x_wconf 86' lang='lat' dir='ltr'>suis</span> <span class='ocrx_word' id='word_1_17' title='bbox 805 606 974 665; x_wconf 76' lang='lat' dir='ltr'>sontissima</span> <span class='ocrx_word' id='word_1_18' title='bbox 1002 607 1145 676; x_wconf 89' lang='lat' dir='ltr'>constitit,</span> <span class='ocrx_word' id='word_1_19' title='bbox 1174 614 1205 665; x_wconf 87' lang='lat' dir='ltr'>et</span> 
     </span>
     <span class='ocr_line' id='line_1_4' title="bbox 247 691 1203 771; baseline -0.003 -18"><span class='ocrx_word' id='word_1_20' title='bbox 247 692 395 753; x_wconf 80' lang='lat' dir='ltr'>Salvatori</span> <span class='ocrx_word' id='word_1_21' title='bbox 409 713 464 751; x_wconf 94' lang='lat' dir='ltr'>suo</span> <span class='ocrx_word' id='word_1_22' title='bbox 478 691 597 751; x_wconf 82' lang='lat' dir='ltr'>Christo</span> <span class='ocrx_word' id='word_1_23' title='bbox 614 712 665 771; x_wconf 88' lang='lat' dir='ltr'>per</span> <span class='ocrx_word' id='word_1_24' title='bbox 683 692 921 751; x_wconf 85' lang='lat' dir='ltr'>intercessionem</span> <span class='ocrx_word' id='word_1_25' title='bbox 937 693 1032 751; x_wconf 83' lang='lat' dir='ltr'>sancti</span> <span class='ocrx_word' id='word_1_26' title='bbox 1047 691 1203 751; x_wconf 84' lang='lat' dir='ltr'>Cuthberti</span> 
     </span>
     <span class='ocr_line' id='line_1_5' title="bbox 247 775 1204 857; baseline -0.002 -20"><span class='ocrx_word' id='word_1_27' title='bbox 247 779 404 857; x_wconf 86' lang='lat' dir='ltr'>gratiarum</span> <span class='ocrx_word' id='word_1_28' title='bbox 432 778 563 836; x_wconf 87' lang='lat' dir='ltr'>actiones</span> <span class='ocrx_word' id='word_1_29' title='bbox 591 776 698 836; x_wconf 86' lang='lat' dir='ltr'>retulit.</span> <span class='ocrx_word' id='word_1_30' title='bbox 757 776 831 836; x_wconf 92' lang='lat' dir='ltr'>Hoc</span> <span class='ocrx_word' id='word_1_31' title='bbox 860 775 973 847; x_wconf 91' lang='lat' dir='ltr'>audito,</span> <span class='ocrx_word' id='word_1_32' title='bbox 1002 777 1108 837; x_wconf 83' lang='lat' dir='ltr'>civitas</span> <span class='ocrx_word' id='word_1_33' title='bbox 1139 784 1204 835; x_wconf 84' lang='lat' dir='ltr'>tota</span> 
     </span>
     <span class='ocr_line' id='line_1_6' title="bbox 218 861 1204 942; baseline -0.003 -20"><span class='ocrx_word' id='word_1_34' title='bbox 218 880 232 922; x_wconf 84' lang='lat'><strong>5</strong></span> <span class='ocrx_word' id='word_1_35' title='bbox 247 864 366 924; x_wconf 85' lang='lat' dir='ltr'>festinat</span> <span class='ocrx_word' id='word_1_36' title='bbox 383 862 422 921; x_wconf 89' lang='lat' dir='ltr'>ad</span> <span class='ocrx_word' id='word_1_37' title='bbox 440 862 610 932; x_wconf 86' lang='lat' dir='ltr'>ecclesiam,</span> <span class='ocrx_word' id='word_1_38' title='bbox 628 863 712 940; x_wconf 86' lang='lat' dir='ltr'>signa</span> <span class='ocrx_word' id='word_1_39' title='bbox 729 862 895 942; x_wconf 80' lang='lat' dir='ltr'><strong>pulsantur,</strong></span> <span class='ocrx_word' id='word_1_40' title='bbox 908 863 1004 921; x_wconf 87' lang='lat' dir='ltr'>clerus</span> <span class='ocrx_word' id='word_1_41' title='bbox 1019 869 1028 896; x_wconf 88' lang='lat'>‘</span> <span class='ocrx_word' id='word_1_42' title='bbox 1044 861 1088 920; x_wconf 90' lang='lat' dir='ltr'>Te</span> <span class='ocrx_word' id='word_1_43' title='bbox 1104 861 1204 922; x_wconf 91' lang='lat' dir='ltr'>Deum</span> 
     </span>
     <span class='ocr_line' id='line_1_7' title="bbox 246 945 1205 1026; baseline -0.004 -17"><span class='ocrx_word' id='word_1_44' title='bbox 246 948 421 1009; x_wconf 83' lang='lat' dir='ltr'><strong>laudamus&#39;</strong></span> <span class='ocrx_word' id='word_1_45' title='bbox 435 956 583 1026; x_wconf 84' lang='lat' dir='ltr'>personat,</span> <span class='ocrx_word' id='word_1_46' title='bbox 600 947 725 1026; x_wconf 87' lang='lat' dir='ltr'>populus</span> <span class='ocrx_word' id='word_1_47' title='bbox 745 947 807 1006; x_wconf 89' lang='lat' dir='ltr'>suis</span> <span class='ocrx_word' id='word_1_48' title='bbox 826 947 951 1006; x_wconf 88' lang='lat' dir='ltr'>vocibus</span> <span class='ocrx_word' id='word_1_49' title='bbox 968 947 996 1005; x_wconf 90' lang='lat' dir='ltr'>in</span> <span class='ocrx_word' id='word_1_50' title='bbox 1013 945 1072 1006; x_wconf 90' lang='lat' dir='ltr'>Dei</span> <span class='ocrx_word' id='word_1_51' title='bbox 1087 946 1205 1006; x_wconf 84' lang='lat' dir='ltr'><strong>laudem</strong></span> 
     </span>
     <span class='ocr_line' id='line_1_8' title="bbox 248 1030 1205 1112; baseline -0.005 -17"><span class='ocrx_word' id='word_1_52' title='bbox 248 1041 418 1112; x_wconf 83' lang='lat' dir='ltr'><strong>concrepat,</strong></span> <span class='ocrx_word' id='word_1_53' title='bbox 443 1032 638 1092; x_wconf 76' lang='lat' dir='ltr'><strong>cuthbertum</strong></span> <span class='ocrx_word' id='word_1_54' title='bbox 661 1052 730 1091; x_wconf 89' lang='lat' dir='ltr'>vere</span> <span class='ocrx_word' id='word_1_55' title='bbox 755 1053 893 1110; x_wconf 89' lang='lat' dir='ltr'>magnum</span> <span class='ocrx_word' id='word_1_56' title='bbox 918 1040 948 1091; x_wconf 89' lang='lat' dir='ltr'>et</span> <span class='ocrx_word' id='word_1_57' title='bbox 972 1030 1040 1091; x_wconf 85' lang='lat' dir='ltr'>Deo</span> <span class='ocrx_word' id='word_1_58' title='bbox 1065 1031 1205 1091; x_wconf 90' lang='lat' dir='ltr'>dilectum</span> 
     </span>
     <span class='ocr_line' id='line_1_9' title="bbox 248 1117 1205 1200; baseline -0.001 -22"><span class='ocrx_word' id='word_1_59' title='bbox 248 1119 401 1200; x_wconf 82' lang='lat' dir='ltr'>praedicat.</span> <span class='ocrx_word' id='word_1_60' title='bbox 446 1117 507 1176; x_wconf 89' lang='lat' dir='ltr'><strong>Illa</strong></span> <span class='ocrx_word' id='word_1_61' title='bbox 537 1138 618 1187; x_wconf 85' lang='lat' dir='ltr'>vero,</span> <span class='ocrx_word' id='word_1_62' title='bbox 646 1137 714 1196; x_wconf 86' lang='lat' dir='ltr'>quae</span> <span class='ocrx_word' id='word_1_63' title='bbox 746 1126 850 1177; x_wconf 82' lang='lat' dir='ltr'>sanata</span> <span class='ocrx_word' id='word_1_64' title='bbox 880 1118 987 1188; x_wconf 83' lang='lat' dir='ltr'>fuerat,</span> <span class='ocrx_word' id='word_1_65' title='bbox 1015 1137 1068 1196; x_wconf 92' lang='lat' dir='ltr'>per</span> <span class='ocrx_word' id='word_1_66' title='bbox 1098 1118 1205 1177; x_wconf 87' lang='lat' dir='ltr'>multas</span> 
     </span>
     <span class='ocr_line' id='line_1_10' title="bbox 248 1200 1206 1282; baseline -0.001 -20"><span class='ocrx_word' id='word_1_67' title='bbox 248 1206 382 1282; x_wconf 82' lang='lat' dir='ltr'>regiones</span> <span class='ocrx_word' id='word_1_68' title='bbox 404 1223 440 1263; x_wconf 88' lang='lat' dir='ltr'>ac</span> <span class='ocrx_word' id='word_1_69' title='bbox 462 1204 596 1262; x_wconf 83' lang='lat' dir='ltr'>nationes</span> <span class='ocrx_word' id='word_1_70' title='bbox 615 1201 764 1273; x_wconf 85' lang='lat' dir='ltr'>discurrit,</span> <span class='ocrx_word' id='word_1_71' title='bbox 787 1213 818 1263; x_wconf 92' lang='lat' dir='ltr'>et</span> <span class='ocrx_word' id='word_1_72' title='bbox 834 1203 888 1262; x_wconf 83' lang='lat' dir='ltr'>iter</span> <span class='ocrx_word' id='word_1_73' title='bbox 912 1222 997 1262; x_wconf 92' lang='lat' dir='ltr'>omue</span> <span class='ocrx_word' id='word_1_74' title='bbox 1017 1200 1109 1281; x_wconf 86' lang='lat' dir='ltr'>pedes</span> <span class='ocrx_word' id='word_1_75' title='bbox 1128 1204 1206 1261; x_wconf 91' lang='lat' dir='ltr'>ince-</span> 
     </span>
     <span class='ocr_line' id='line_1_11' title="bbox 206 1286 1208 1369; baseline -0.005 -18"><span class='ocrx_word' id='word_1_76' title='bbox 206 1289 347 1351; x_wconf 88' lang='lat' dir='ltr'>ludendo</span> <span class='ocrx_word' id='word_1_77' title='bbox 366 1289 488 1369; x_wconf 82' lang='lat' dir='ltr'>peregit.</span> <span class='ocrx_word' id='word_1_78' title='bbox 531 1287 614 1347; x_wconf 84' lang='lat' dir='ltr'>Nam</span> <span class='ocrx_word' id='word_1_79' title='bbox 629 1295 659 1345; x_wconf 87' lang='lat' dir='ltr'>et</span> <span class='ocrx_word' id='word_1_80' title='bbox 672 1288 803 1347; x_wconf 85' lang='lat' dir='ltr'>Romam</span> <span class='ocrx_word' id='word_1_81' title='bbox 819 1289 912 1366; x_wconf 82' lang='lat' dir='ltr'>gratia</span> <span class='ocrx_word' id='word_1_82' title='bbox 925 1287 1065 1347; x_wconf 83' lang='lat' dir='ltr'>orationis</span> <span class='ocrx_word' id='word_1_83' title='bbox 1081 1286 1162 1359; x_wconf 84' lang='lat' dir='ltr'>adiit,</span> <span class='ocrx_word' id='word_1_84' title='bbox 1177 1295 1208 1347; x_wconf 92' lang='lat' dir='ltr'>et</span> 
     </span>
     <span class='ocr_line' id='line_1_12' title="bbox 248 1371 1208 1453; baseline -0.003 -19"><span class='ocrx_word' id='word_1_85' title='bbox 248 1375 316 1434; x_wconf 87' lang='lat' dir='ltr'>inde</span> <span class='ocrx_word' id='word_1_86' title='bbox 339 1382 487 1434; x_wconf 85' lang='lat' dir='ltr'>revertens</span> <span class='ocrx_word' id='word_1_87' title='bbox 512 1373 541 1430; x_wconf 89' lang='lat' dir='ltr'>in</span> <span class='ocrx_word' id='word_1_88' title='bbox 564 1371 742 1432; x_wconf 87' lang='lat' dir='ltr'>Hiberniam</span> <span class='ocrx_word' id='word_1_89' title='bbox 764 1372 898 1453; x_wconf 77' lang='lat' dir='ltr'>‘profecta</span> <span class='ocrx_word' id='word_1_90' title='bbox 918 1382 975 1444; x_wconf 90' lang='lat' dir='ltr'>est,</span> <span class='ocrx_word' id='word_1_91' title='bbox 997 1373 1131 1432; x_wconf 90' lang='lat' dir='ltr'>omnibus</span> <span class='ocrx_word' id='word_1_92' title='bbox 1156 1394 1208 1453; x_wconf 86' lang='lat' dir='ltr'>per</span> 
     </span>
     <span class='ocr_line' id='line_1_13' title="bbox 248 1457 1208 1536; baseline -0.003 -17"><span class='ocrx_word' id='word_1_93' title='bbox 248 1460 360 1519; x_wconf 87' lang='lat' dir='ltr'>sactum</span> <span class='ocrx_word' id='word_1_94' title='bbox 388 1459 417 1517; x_wconf 89' lang='lat' dir='ltr'>in</span> <span class='ocrx_word' id='word_1_95' title='bbox 445 1478 477 1517; x_wconf 88' lang='lat' dir='ltr'>se</span> <span class='ocrx_word' id='word_1_96' title='bbox 503 1458 675 1517; x_wconf 79' lang='lat' dir='ltr'>miraculum</span> <span class='ocrx_word' id='word_1_97' title='bbox 708 1457 767 1517; x_wconf 84' lang='lat' dir='ltr'>Dei</span> <span class='ocrx_word' id='word_1_98' title='bbox 798 1458 921 1536; x_wconf 85' lang='lat' dir='ltr'>gloriam</span> <span class='ocrx_word' id='word_1_99' title='bbox 951 1468 982 1518; x_wconf 93' lang='lat' dir='ltr'>et</span> <span class='ocrx_word' id='word_1_100' title='bbox 1012 1460 1076 1536; x_wconf 88' lang='lat' dir='ltr'>ejus</span> <span class='ocrx_word' id='word_1_101' title='bbox 1106 1457 1208 1517; x_wconf 81' lang='lat' dir='ltr'>dilecti</span> 
     </span>
     <span class='ocr_line' id='line_1_14' title="bbox 249 1542 1205 1622; baseline -0.002 -17"><span class='ocrx_word' id='word_1_102' title='bbox 249 1545 427 1605; x_wconf 72' lang='lat' dir='ltr'>confessoris</span> <span class='ocrx_word' id='word_1_103' title='bbox 456 1543 565 1622; x_wconf 90' lang='lat' dir='ltr'>ubique</span> <span class='ocrx_word' id='word_1_104' title='bbox 601 1542 763 1622; x_wconf 84' lang='lat' dir='ltr'>praedicans</span> <span class='ocrx_word' id='word_1_105' title='bbox 797 1544 961 1603; x_wconf 80' lang='lat' dir='ltr'>sanctitatis</span> <span class='ocrx_word' id='word_1_106' title='bbox 990 1544 1205 1603; x_wconf 83' lang='lat' dir='ltr'>excellentiam.</span> 
     </span>
     <span class='ocr_line' id='line_1_15' title="bbox 251 1627 1209 1710; baseline -0.001 -21"><span class='ocrx_word' id='word_1_107' title='bbox 251 1629 327 1690; x_wconf 93' lang='lat' dir='ltr'>Hoc</span> <span class='ocrx_word' id='word_1_108' title='bbox 355 1650 427 1689; x_wconf 84' lang='lat' dir='ltr'>sane</span> <span class='ocrx_word' id='word_1_109' title='bbox 455 1629 498 1688; x_wconf 86' lang='lat' dir='ltr'>ita</span> <span class='ocrx_word' id='word_1_110' title='bbox 524 1628 636 1687; x_wconf 84' lang='lat' dir='ltr'>lactum</span> <span class='ocrx_word' id='word_1_111' title='bbox 663 1627 912 1707; x_wconf 83' lang='lat' dir='ltr'><strong>quemadmodum</strong></span> <span class='ocrx_word' id='word_1_112' title='bbox 940 1628 1162 1710; x_wconf 87' lang='lat' dir='ltr'>descripsimus,</span> <span class='ocrx_word' id='word_1_113' title='bbox 1190 1649 1209 1688; x_wconf 86' lang='lat' dir='ltr'><strong>a</strong></span> 
     </span>
     <span class='ocr_line' id='line_1_16' title="bbox 208 1713 1209 1795; baseline 0 -21"><span class='ocrx_word' id='word_1_114' title='bbox 208 1715 430 1795; x_wconf 77' lang='lat' dir='ltr'>laquibusdam</span> <span class='ocrx_word' id='word_1_115' title='bbox 453 1713 646 1794; x_wconf 83' lang='lat' dir='ltr'>presbyteris,</span> <span class='ocrx_word' id='word_1_116' title='bbox 669 1714 719 1793; x_wconf 90' lang='lat' dir='ltr'>qui</span> <span class='ocrx_word' id='word_1_117' title='bbox 742 1713 879 1773; x_wconf 80' lang='lat' dir='ltr'>viderunt</span> <span class='ocrx_word' id='word_1_118' title='bbox 901 1714 1046 1792; x_wconf 81' lang='lat' dir='ltr'>religiosis</span> <span class='ocrx_word' id='word_1_119' title='bbox 1067 1722 1098 1773; x_wconf 90' lang='lat' dir='ltr'>et</span> <span class='ocrx_word' id='word_1_120' title='bbox 1122 1721 1209 1774; x_wconf 86' lang='lat' dir='ltr'>aetate</span> 
     </span>
     <span class='ocr_line' id='line_1_17' title="bbox 251 1798 1158 1882; baseline 0.001 -23"><span class='ocrx_word' id='word_1_121' title='bbox 251 1801 400 1882; x_wconf 86' lang='lat' dir='ltr'>provectis</span> <span class='ocrx_word' id='word_1_122' title='bbox 415 1808 445 1859; x_wconf 89' lang='lat' dir='ltr'>et</span> <span class='ocrx_word' id='word_1_123' title='bbox 458 1801 576 1860; x_wconf 91' lang='lat' dir='ltr'>omuino</span> <span class='ocrx_word' id='word_1_124' title='bbox 591 1799 786 1878; x_wconf 89' lang='lat' dir='ltr'>simplicibus,</span> <span class='ocrx_word' id='word_1_125' title='bbox 801 1799 968 1879; x_wconf 80' lang='lat' dir='ltr'>frequenter</span> <span class='ocrx_word' id='word_1_126' title='bbox 981 1798 1158 1860; x_wconf 85' lang='lat' dir='ltr'>audirimus.</span> 
     </span>
    </p>
   </div>
   <div class='ocr_carea' id='block_1_3' title="bbox 0 0 1457 4890">
    <p class='ocr_par' dir='ltr' id='par_1_3' title="bbox 0 0 1457 4890">
     <span class='ocr_line' id='line_1_18' title="bbox 0 0 1457 4890; baseline 0 0"><span class='ocrx_word' id='word_1_127' title='bbox 0 0 1457 4890; x_wconf 95' lang='lat' dir='ltr'> </span> 
     </span>
    </p>
   </div>
  </div>
 </body>
</html>
