2850 4890
516 372 697 421 Ancronn
716 375 803 421 vnn.
823 375 933 420 sena.
1162 358 1204 420 77

593 662 754 728 CAPUT
778 665 863 729 XV.

252 829 397 899 Qualiter
412 834 593 897 demonium
607 834 648 897 ab
662 857 758 899 uxore
773 835 942 921 Proefecti,
957 859 1011 900 nee
1025 838 1097 900 dum
1112 838 1205 899 adne-

602 938 698 1014 ctens,
713 938 848 1023 effecerit.

250 1135 334 1218 §23.
357 1136 503 1201 Vnaun
525 1139 608 1221 quia
625 1141 729 1221 paulo
745 1141 902 1223 superius
918 1148 1084 1224 qnantum
1098 1142 1205 1206 isdem
1222 1154 1366 1204 auom.

219 1239 452 1301 evenerabilis
469 1238 680 1304 Cndberotus
702 1241 865 1305 adversus
884 1242 1106 1306 simulatitias
1122 1243 1207 1306 Dia·
1222 1222 1351 1312 llll.⁰¹¹‘”

249 1338 321 1401 boli
333 1339 472 1403 fraudes
484 1340 642 1418 valuerit,
654 1343 887 1424 exposuimus,
898 1363 989 1407 nunc
1005 1344 1108 1407 etiam
1123 1343 1207 1426 quid

251 1439 416 1505 adversus
435 1461 550 1505 vetum
569 1451 791 1526 apertumque
814 1443 888 1527 ejus
910 1444 1057 1508 furorem
1079 1445 1208 1523 valeat,

251 1542 471 1624 explicemus
517 1543 600 1607 Erat
621 1542 811 1609 Praefectus
826 1544 976 1626 Ecglridi
995 1546 1082 1626 regis
1104 1545 1208 1609 Hilda

249 1662 344 1708 maer
364 1645 513 1720 nomine,
537 1645 591 1709 vir
615 1645 782 1726 religiosis
806 1665 883 1709 cum
907 1647 998 1709 omni
1022 1646 1123 1709 domo
1143 1666 1208 1710 sna

207 1762 239 1807 10
251 1744 581 1829 deditus.operibus,
596 1745 743 1830 ideoque
763 1766 784 1811 a
803 1749 906 1812 beato
923 1747 1114 1811 Cudbercto
1130 1753 1206 1829 spe-

251 1846 384 1911 cialiter
397 1848 553 1928 dilectus,
569 1857 603 1914 et
622 1869 699 1913 cum
718 1850 852 1914 itineris
867 1850 1106 1933 propinquitas
1126 1867 1206 1913 oon-

251 1955 396 2028 grueret,
418 1951 534 2013 crebro
555 1952 657 2014 abeo
680 1952 850 2015 visitatus.
896 1951 1003 2034 Cujus
1021 1969 1109 2014 uxor
1128 1970 1206 2014 cnm

251 2049 476 2134 eleemosynis
506 2058 542 2114 et
570 2052 691 2115 ceteris
721 2052 885 2115 virtutum
914 2051 1080 2115 fructibus
1114 2059 1208 2116 esset

250 2151 395 2229 intenta,
411 2153 526 2216 subito
546 2162 702 2236 correpta
717 2173 739 2217 a
754 2154 909 2217 daemone
924 2152 1087 2217 acerrime
1102 2154 1208 2235 coepit

207 2253 382 2329 lancinari,
409 2253 461 2317 ita
482 2260 522 2317 ut
546 2253 720 2318 stridendo
747 2253 917 2331 dentibus,
939 2273 1042 2318 voees
1069 2254 1209 2317 misera-

251 2352 339 2416 biles
367 2354 563 2431 emittendo,
589 2354 730 2418 brachia
754 2356 807 2420 vel
834 2363 949 2419 cetera
976 2356 1028 2419 sui
1058 2356 1209 2438 corporis

252 2456 402 2519 membra
415 2454 451 2517 in
466 2456 603 2521 diversa
617 2458 798 2540 raptando,
808 2477 875 2520 non
889 2458 1063 2522 minimum
1076 2459 1209 2522 cunctis

252 2557 465 2621 intuentibus
493 2558 548 2622 vel
583 2558 802 2621 audientibus
831 2560 997 2622 incuteret
1026 2558 1209 2621 horrorem.

254 2656 409 2740 Cumque
430 2658 565 2741 jaceret
589 2658 734 2741 explosa
756 2667 791 2723 et
808 2658 1020 2742 jamjamque
1039 2659 1212 2724 videretur

208 2777 242 2822 20
254 2779 330 2823 esse
343 2761 515 2840 moritura,
530 2762 686 2825 ascendit
698 2762 751 2825 vir
765 2761 839 2845 ejus
855 2781 991 2844 equum,
1005 2768 1040 2825 et
1055 2761 1211 2825 concitus

254 2862 348 2926 venit
359 2863 402 2927 ad
415 2862 585 2927 hominem
596 2863 673 2938 Dei,
685 2872 912 2946 precatusque
927 2870 981 2926 est
994 2882 1072 2927 eum
1083 2863 1211 2932 dicens,

254 2961 433 3028 ‘Obsecro
456 2965 538 3047 quia
558 2985 648 3029 uxor
669 2985 746 3030 mea
769 2966 859 3030 male
883 2965 998 3042 habet,
1020 2971 1055 3028 et
1077 2964 1212 3028 videtur

249 3063 323 3146 jam
346 3065 505 3146 proxima
530 3067 642 3144 morti,
671 3074 712 3131 ut
738 3067 856 3130 mittas
883 3068 1129 3149 presbyterum,
1152 3066 1211 3147 qui

253 3165 348 3229 illam
359 3166 560 3250 priusquam
569 3167 735 3232 moriatur
745 3167 875 3244 visitet,
891 3168 990 3250 eique
1002 3166 1163 3249 Corporis
1177 3173 1212 3230 et

209 3285 243 3330 25
256 3265 438 3348 Sanguinis
459 3267 632 3333 Dominioi
653 3274 871 3332 sacramenta
885 3267 1075 3346 ministret3
1099 3267 1214 3332 sedet

255 3387 380 3451 corpus
399 3369 509 3451 ipsius
527 3370 585 3434 hie
605 3370 690 3434 locis
710 3370 840 3434 sanctis
864 3369 1000 3452 sepeliri
1015 3367 1213 3450 permittas!

255 3468 489 3535 Erubescebat
516 3472 604 3535 enim
631 3490 707 3534 eam
733 3470 886 3535 confiteri
914 3470 1084 3545 insanam,
1110 3487 1213 3551 quam

254 3569 306 3634 vir
332 3571 471 3634 Domini
496 3572 645 3635 sobriam
674 3591 807 3653 semper
833 3572 949 3636 videre
978 3576 1213 3634 consueverat.

256 3669 327 3749 Qui
342 3691 419 3734 cnm
437 3692 620 3754 parumper
635 3673 679 3736 ab
695 3692 736 3735 eo
751 3672 944 3748 diverteret,
960 3671 1096 3738 visurus
1111 3690 1212 3752 quem

210 3789 242 3833 eo
254 3772 404 3835 mitteret
419 3774 653 3854 presbyterum
669 3792 745 3836 cum
760 3773 831 3849 illo,
847 3772 1006 3853 cognovit
1021 3778 1162 3852 repente
1176 3771 1212 3833 in

303 4051 422 4102 ¹Cnr³nr
444 4048 519 4121 XV.]
571 4053 625 4102 vit.
651 4053 716 4100 Met.
752 4051 794 4099 the
808 4049 896 4098 throne
904 4049 933 4098 ol
943 4046 1213 4129 Northnmberlandin

256 4123 718 4262 ⁰³¹³·altaltlltlillan
752 4134 829 4240 tel·
849 4124 908 4184 ⁶⁷⁰'
930 4120 982 4168 aa
1006 4132 1061 4168 W
1085 4117 1168 4166 ¹¹¹¹¹⁸d
1186 4133 1213 4165 ¹¹¹
