2850 4890
230 354 296 420 146
536 372 627 419 vrri
645 371 674 420 s.
692 369 915 432 cnnnnrcrr,

65 537 99 591 Α.
112 540 146 591 n.
160 541 220 588 cea.
235 527 371 612 praefati
386 526 536 610 Ecgsridi
551 528 651 610 regis,
665 527 909 593 monasterium
922 525 1016 591 beati
1032 521 1195 606 Apostoli

237 629 340 694 Pauli
370 631 573 708 construxit,
600 649 643 694 ea
674 630 847 694 duntaxat
878 628 1024 703 ratione,
1052 631 1094 688 ut
1126 641 1197 687 una

236 732 413 814 utriusque
438 731 506 795 loci
529 751 601 814 pax
621 743 656 796 et
675 732 870 809 concordia,
890 729 1010 794 eadem
1029 732 1197 811 perpetua

235 819 453 897 familiaritas
468 841 726 899 conservaretur
740 840 776 898 et
789 833 917 917 gratia3
939 836 990 908 ut,
1001 830 1093 894 sicut
1104 827 1198 894 verbi

238 935 358 1014 gratia,
373 955 497 1019 corpus
513 956 535 1000 a
549 937 663 1020 capite
683 956 745 1020 per
764 935 856 1020 quod
875 935 984 1017 spirat
997 952 1068 997 non
1082 936 1198 1016 potest
1224 948 1238 989 t

239 1037 353 1115 avelli,
378 1046 485 1122 caput
509 1038 659 1122 corporis
686 1039 760 1102 sine
786 1056 855 1120 quo
875 1054 944 1099 non
968 1033 1057 1101 vivit
1079 1031 1200 1115 nequit

238 1138 409 1217 oblivisci,
438 1140 489 1204 ita
517 1140 632 1204 nullus
664 1139 738 1203 haec
770 1136 990 1214 monasteria,
1015 1135 1201 1220 primorum

240 1238 487 1324 Apostolorum
505 1240 658 1306 fraterna
677 1241 844 1304 societate
864 1238 1061 1322 conjuncta,
1084 1235 1201 1318 aliquo

239 1344 443 1408 abinvicem
458 1349 619 1408 temtaret
631 1343 825 1407 disturbare
840 1348 975 1405 conatu.
1007 1337 1200 1403 ceolfridus

241 1452 356 1509 autem
374 1443 441 1522 hic,
456 1465 556 1528 quem
572 1445 731 1510 abbatem
749 1444 929 1509 constituit
944 1440 1166 1520 Benedictus,
1181 1457 1240 1503 aro

240 1545 361 1629 primis
375 1545 525 1610 instituti
538 1545 736 1610 monasterii
752 1545 874 1629 prioris
894 1543 1045 1609 exordiis
1065 1542 1203 1625 adjutor

241 1648 292 1711 illi
321 1667 382 1732 per
410 1648 526 1712 omnia
554 1648 810 1712 strenuissimus
842 1648 973 1724 aderat,
997 1653 1033 1710 et
1057 1664 1136 1710 cum
1160 1663 1202 1709 eo

242 1757 393 1833 tempore
405 1768 553 1832 congruo
564 1749 712 1814 Romam
726 1750 881 1814 discendi
891 1747 1088 1812 necessaria
1102 1745 1204 1810 simul

242 1860 278 1915 et
305 1852 472 1916 adorandi
497 1853 608 1934 gratia
632 1852 772 1916 adierat.
815 1850 895 1929 Quo
920 1858 1072 1933 tempore
1098 1847 1202 1913 etiam

242 1953 477 2036 presbyterum
491 1952 695 2018 Eosterwini
716 1953 758 2017 de
774 1952 983 2017 monasterio
1001 1951 1094 2016 beati
1110 1949 1205 2016 Petri
1216 1969 1244 2014 15

243 2053 372 2136 eligens
402 2056 573 2133 abbatem,
601 2054 712 2119 eidem
739 2054 946 2118 monasterio
967 2053 1105 2136 regendi
1125 2051 1205 2135 jure

243 2154 416 2239 praefecit3
452 2164 492 2220 ut
520 2175 622 2240 quem
650 2156 744 2219 solus
773 2174 843 2218 non
876 2160 1012 2237 poterat
1043 2154 1206 2233 laborem,

245 2257 344 2321 socia
366 2258 580 2324 dilectissimi
600 2258 840 2323 commilitonis
861 2257 987 2322 virtute
1006 2255 1120 2320 levius
1139 2255 1206 2319 ser·

246 2366 307 2423 ret.
362 2359 437 2424 Nec
466 2361 510 2424 ab
543 2380 580 2424 re
608 2360 766 2424 videatur
793 2358 954 2441 cuiquam
982 2357 1070 2421 duos
1098 2376 1206 2421 unum

247 2463 490 2526 monasterium
513 2462 615 2527 simul
637 2462 799 2526 habuisse
821 2461 976 2524 abbates.
1021 2459 1122 2524 Fecit
1142 2459 1249 2534 hocro

247 2561 408 2646 frequens
433 2564 525 2628 illins
551 2583 612 2648 pro
633 2564 832 2628 monasterii
855 2562 1006 2627 utilitate
1028 2561 1208 2646 profectio,

248 2666 362 2729 creber
376 2673 471 2730 trans
491 2685 657 2754 oceanum
673 2683 828 2748 egressus
844 2664 1061 2747 incertusque
1081 2681 1211 2745 regres-

248 2785 319 2831 sus.
373 2768 465 2833 Nam
506 2776 542 2833 et
563 2769 799 2833 beatissimum
829 2767 969 2832 Petrum
1001 2764 1210 2848 Apostolum

249 2868 371 2934 Romae
405 2872 584 2954 pontifices
616 2872 680 2936 sub
710 2891 747 2935 se
776 2870 864 2934 duos
892 2888 952 2951 per
980 2868 1131 2933 ordinem
1163 2867 1208 2932 ad

249 2972 430 3053 regendam
459 2973 640 3039 ecclesiam
665 2972 896 3049 constituisse,
921 2989 1028 3034 causa
1056 2969 1252 3034 instantem

249 3076 454 3153 necessaria,
465 3076 607 3139 tradunt
620 3074 771 3139 historiae
784 3094 792 3154 ;
816 3073 935 3155 etipse
946 3090 1089 3154 magnus
1101 3072 1211 3136 abbas

251 3175 472 3254 Benedictus
496 3178 587 3240 sicut
610 3176 652 3240 de
677 3175 738 3239 illo
763 3176 886 3239 beatus
912 3193 1005 3257 papa
1024 3173 1211 3256 Gregorius

251 3277 380 3355 scribit,
409 3278 588 3341 duodecim
616 3278 759 3342 abbates
786 3275 860 3340 suis
889 3275 1080 3359 discipulis,
1108 3284 1213 3360 prout

288 3563 479 3629 'ConotmmtJ
503 3567 558 3616 The
567 3568 714 3618 dedication
784 3565 804 3596 ²³
820 3562 942 3635 Petrum]
995 3567 1045 3617 See
1083 3569 1214 3630 Epiphau.

254 3634 283 3686 of
301 3637 343 3686 the
360 3637 457 3686 church
474 3636 503 3685 of
518 3638 621 3687 Jarrow
637 3640 660 3687 is
676 3653 715 3687 re·
750 3638 851 3689 Haeres.
876 3639 959 3689 xxvii.
990 3638 1053 3688 Nat.
1082 3638 1213 3690 Alexand.

254 3708 351 3758 corded
374 3709 400 3755 in
423 3723 439 3756 a
462 3713 654 3771 contemporary
678 3710 716 3757 in·
751 3709 821 3757 Hist.
835 3709 907 3758 Eccl.
920 3709 954 3758 iv.
970 3712 1025 3757 369.
1075 3708 1214 3770 Mabillon,

255 3780 376 3840 scription
387 3780 578 3840 yetpreserved
590 3781 616 3828 in
625 3781 654 3828 it.
692 3780 718 3828 It
750 3794 802 3828 sec.
827 3779 855 3827 ii.
879 3795 904 3841 p.
925 3782 998 3840 1005,
1023 3779 1070 3828 has
1087 3780 1215 3831 collected

223 3869 225 3871 ¹
254 3847 343 3899 stands
356 3849 716 3911 thus‚‘Dedicatiobasilicae
750 3850 823 3898 other
854 3850 986 3914 examples
1014 3849 1043 3898 of
1073 3864 1089 3897 a
1116 3852 1215 3900 similar

255 3921 301 3970 sci.
314 3921 394 3969 Pauli
411 3920 457 3968 viii
475 3920 513 3968 kl.
527 3921 582 3969 Mai
600 3936 666 3970 anno
683 3937 717 3970 xv
751 3927 937 3982 arrangement.

256 3990 426 4051 Ecgfridireg
526 3991 652 4040 Ceolfridi
659 3992 718 4040 abb.

255 4062 369 4123 ejusdem
393 4075 418 4121 q.
433 4076 458 4122 q.
476 4061 568 4110 eccles.
584 4063 640 4111 Deo
658 4077 718 4110 auc·
786 4057 806 4088 ²⁷
826 4060 980 4123 Gregorius]
1008 4061 1072 4110 Vita
1086 4061 1114 4111 S.
1131 4062 1214 4111 Bene-

256 4201 370 4252 Surtees’
382 4201 453 4252 Hist.
467 4203 594 4267 Durhum,
607 4203 635 4252 ii.
648 4206 690 4251 67.
752 4202 798 4251 SS.
808 4202 873 4256 Ord.
884 4203 911 4253 S.
921 4203 1020 4252 Bened.
1033 4217 1084 4253 sec.
1098 4205 1116 4253 i.
1130 4218 1157 4264 p.
1173 4207 1213 4252 10.
