2850 4890
570 337 793 383 ncrltnntxs

204 501 373 570 fraternam,
393 507 426 558 ut
445 500 593 568 convenit,
613 499 769 558 exhibetis.
811 497 857 556 Ut
878 497 965 576 igitur
985 497 1076 566 boum
1097 515 1164 574 quse

206 587 245 645 de
263 587 349 645 vobis
371 585 541 664 praedicavit
562 584 670 664 opinio,
689 604 784 643 rerum
808 584 903 664 possit
923 582 1033 641 veritas
1056 579 1163 640 confir-

207 691 297 742 mare,
313 670 442 748 Virgilio
461 670 543 730 fratri
565 682 596 729 et
611 671 792 751 coepiscopo
807 676 908 729 nostro
925 667 1028 737 dicite,
1042 675 1076 725 nt
1093 686 1164 746 pen-

208 758 317 825 siooes,
347 777 422 834 quas
447 756 649 835 praedecessor
672 757 737 834 ejus
763 775 813 835 per
838 763 933 814 annos
957 752 1100 832 plurimos
1126 751 1165 811 de

209 841 413 921 patrimoniolo
430 853 530 901 nostro
548 842 691 921 percepit,
707 849 737 899 et
754 840 833 921 apud
848 861 881 899 se
897 839 1026 908 retinuit,
1040 837 1081 896 ad
1099 857 1164 906 nos,
1190 853 1205 896 n

208 928 278 1005 qnia
292 947 451 1006 pauperum
466 947 513 986 res
528 935 607 998 sunt,
623 927 742 987 studeat
757 926 916 986 destinare.
959 923 1024 990 Qui
1043 923 1069 983 si
1089 922 1165 982 forte

209 1013 308 1093 aliquo
327 1034 361 1073 se
381 1011 482 1083 modo,
503 1012 585 1092 quod
605 1031 662 1072 non
683 1011 841 1081 credimus,
862 1029 1009 1070 excusare
1030 1008 1165 1078 voluerit,

209 1120 275 1167 vos,
295 1099 345 1178 qui
369 1098 520 1158 veritatem
545 1099 640 1178 ipsam
660 1098 795 1157 subtilius
815 1098 920 1165 nostis,
939 1114 1044 1154 revera
1064 1094 1116 1173 qni
1137 1093 1167 1151 in

209 1185 338 1244 ecclesia
358 1185 424 1263 ipsa
443 1194 513 1242 tunc
531 1183 670 1264 temporis
686 1203 787 1242 curam
802 1180 992 1242 Vicedomini
1007 1180 1166 1257 gerebatis,

211 1271 337 1350 qualiter
352 1290 385 1328 se
401 1269 490 1328 habet
500 1289 603 1338 causa,
615 1269 761 1337 disserite,
775 1277 806 1327 et
820 1288 855 1326 ne
869 1287 916 1326 res
930 1267 1028 1325 sancti
1039 1265 1125 1324 Petri
1139 1273 1169 1323 et
1179 1280 1206 1324 ιο

210 1374 370 1436 pauperum
391 1357 456 1433 ejus
477 1354 556 1434 apud
577 1376 609 1414 se
629 1357 752 1414 retinere
768 1354 887 1421 debeat,
901 1351 1060 1410 imminete.
1107 1349 1167 1409 Sed

210 1451 241 1500 et
252 1442 277 1501 si
287 1441 413 1501 fortasse
424 1441 590 1500 hominibus
603 1441 710 1499 nostris
722 1439 919 1498 necessarium
930 1437 1029 1505 fuerit,
1040 1445 1170 1494 vestrum

210 1529 238 1585 in
262 1547 355 1587 causa
378 1527 576 1585 testimoninm
597 1545 655 1585 non
678 1535 800 1602 negats3
826 1532 938 1582 uttam
960 1541 1014 1600 pro
1032 1521 1168 1590 veritate,

212 1633 299 1692 quarn
316 1632 367 1691 pro
381 1611 541 1671 voluntatis
553 1621 659 1671 vestrae
670 1610 827 1670 devotione
838 1611 941 1668 beatus
953 1607 1066 1666 Petrus
1080 1627 1171 1686 apos-

210 1699 299 1769 tolus,
324 1698 410 1774 cujus
434 1717 534 1756 amore
558 1698 623 1756 haec
643 1696 753 1765 facitis,
778 1717 834 1756 sua
855 1695 939 1755 vobis
959 1702 990 1752 et
1012 1693 1060 1751 hic
1084 1702 1117 1751 et
1140 1693 1169 1750 in
1180 1707 1208 1752 15

210 1784 308 1843 futura
327 1784 388 1842 vita
408 1783 618 1841 intercessione
632 1781 819 1862 respondeat.
862 1777 1030 1840 Candidum
1046 1779 1171 1858 presby·

212 1879 304 1927 terum
327 1887 510 1927 communem
533 1867 635 1937 tilium,
651 1869 698 1928 cui
720 1866 954 1947 patrimoniolum
972 1864 1070 1943 ipsum
1088 1883 1169 1923 com-

212 1955 354 2022 misimus,
371 1955 521 2014 sanctitati
536 1966 641 2015 vestrae
656 1973 832 2035 magnopere
847 1948 1101 2012 commendamus.

419 2209 645 2275 Gnnnnn1us¹
663 2209 826 2295 Stephano
840 2208 959 2272 abbati.

214 2382 332 2442 LAEros
349 2403 403 2442 nos
417 2384 519 2444 relatio
534 2384 695 2462 Augustini
709 2384 785 2443 servi
800 2383 859 2442 Dei
872 2383 1060 2462 praesentinm
1081 2381 1172 2461 porti·
1183 2396 1220 2441 nu,

214 2469 285 2526 toris
299 2468 408 2538 effecit,
422 2470 503 2549 quod
517 2470 701 2530 dilectionem
718 2481 809 2538 tuam,
821 2479 853 2527 ut
862 2476 988 2547 oportet,
1002 2467 1182 2545 vigilantem,

215 2573 282 2612 esse
297 2556 441 2623 narravit;
463 2556 591 2635 denique
609 2564 640 2615 et
656 2556 846 2635 presbyteros
865 2562 895 2612 et
912 2553 1067 2623 diaconos,
1083 2572 1174 2612 cunc-

214 2647 333 2718 tamque
358 2642 626 2718 congregationem,
650 2641 801 2700 unanimes
827 2640 923 2698 vivere
948 2658 985 2698 ac
1008 2637 1173 2698 concordes
1233 2650 1240 2659 '

215 2723 348 2783 affirmat.
395 2726 435 2784 Et
448 2728 585 2804 quoniam
601 2727 821 2806 praepositorum
837 2725 952 2783 bonitas
972 2726 1173 2802 subjectorum

215 2809 342 2869 salubris
361 2819 409 2870 est
426 2812 538 2890 regula,
553 2813 781 2891 omnipotentem
797 2810 956 2869 Dominum
971 2810 1214 2888 deprecamur,tt

216 2905 248 2954 ut
262 2895 290 2953 in
301 2896 386 2955 bonis
397 2905 426 2956 te
438 2917 554 2976 semper
564 2899 701 2977 operibus
713 2898 807 2973 gratia
818 2916 881 2954 suae
889 2896 1007 2974 pietatis
1018 2894 1176 2964 accendat,

215 2990 246 3038 et
266 2983 442 3042 commissos
465 2983 517 3041 tibi
540 2984 578 3042 ab
601 2983 679 3042 omni
704 2982 860 3042 diabolicae
880 2980 993 3040 fraudis
1012 2981 1175 3039 tentatione

216 3067 376 3137 custodiat,
391 3076 421 3126 et
434 3078 530 3127 tecum
549 3068 578 3127 in
598 3069 733 3138 caritate,
748 3079 779 3128 et
793 3068 903 3147 placita
917 3067 974 3125 sibi
989 3065 1089 3126 vivere
1104 3085 1176 3125 con·

217 3153 383 3211 versatione
397 3153 553 3213 concedat.

260 3236 342 3302 Quia
367 3259 437 3297 vero
463 3239 581 3297 hnmani
606 3239 721 3317 generis
749 3238 882 3297 inimicus
911 3237 1043 3296 insidiari
1067 3237 1216 3296 nostristu

217 3321 334 3381 actibus
354 3342 410 3380 non
433 3325 570 3401 quiescit,
591 3324 643 3382 sed
667 3324 790 3383 assidua
807 3322 968 3382 calliditate
989 3323 1048 3381 h'oc
1065 3323 1176 3392 nititur,

218 3415 251 3466 ut
261 3405 330 3467 Deo
344 3408 504 3467 servientes
518 3412 630 3468 animas
644 3411 672 3467 in
684 3410 815 3489 qualibet
828 3416 910 3487 parte
924 3408 1072 3487 decipiat;
1096 3407 1176 3478 ideo,

218 3492 410 3552 dilectissime
433 3492 486 3567 lili,
511 3495 670 3564 hortamur,
694 3503 726 3554 nt
747 3492 975 3554 sollicitudinem
999 3503 1080 3552 tuam
1103 3494 1177 3571 vigi·

261 3815 268 3843 ¹
287 3819 365 3879 Greg.
378 3820 444 3880 Epp.
460 3819 517 3868 Lib.
530 3833 567 3867 vr.
582 3834 623 3880 ep.
636 3819 680 3867 lvi.
713 3831 783 3865 somn
795 3816 877 3864 doubt
889 3829 917 3862 ns
930 3818 956 3861 to
971 3813 1014 3861 the
1031 3820 1178 3877 monastery

218 3888 379 3937 Letterlrom
393 3890 508 3951 Gregory
525 3895 550 3938 to
567 3890 679 3950 Stephen
713 3903 774 3935 ouer
794 3886 879 3934 which
903 3885 955 3933 this
980 3883 1094 3944 Stephen
1120 3901 1178 3946 pre-

218 3957 260 4004 the
289 3959 376 4020 abhot,
409 3960 616 4021 recommending
641 3960 680 4014 St.
713 3958 797 4018 sided,
811 3958 856 4006 but
876 3957 896 4005 it
911 3954 1035 4017 probably
1051 3969 1107 4004 was
1130 3957 1179 4006 Le·

219 4027 374 4087 Augustius.
713 4029 773 4076 rins.

252 4095 271 4124 ²³
290 4099 523 4160 (rongregntonemq
556 4097 640 4145 There
658 4098 680 4145 is
