2850 4890
351 360 401 406 nn
418 359 490 407 snx
510 359 709 407 nrarrnus
728 360 876 408 sacunr.
1070 343 1135 407 197

223 511 471 580 Constantinus
498 517 590 581 iilius
616 516 835 582 Constantini
865 519 965 582 annis
990 534 1132 581 xxvrrr.

1214 542 1277 583 Anno

181 613 251 678 Hic
271 616 436 700 deceptus
457 639 478 682 a
498 619 620 697 Paulo,
640 621 731 683 sicut
750 619 934 683 Heraclius
955 639 1041 684 avus
1060 619 1134 702 ejus
1153 592 1235 634 Μ·
1251 592 1336 634 ⁰⁵¹¹¹⁵¹²

181 734 204 780 a
223 715 352 798 Sergio,
368 718 520 802 ejusdem
541 721 643 802 regiae
662 721 817 785 civitatis
835 722 1009 803 episcopo,
1028 739 1134 802 expo-

118 848 121 854 ·
180 817 251 880 suit
269 824 388 900 typum
408 820 572 885 adversus
593 821 797 886 catholicam
815 822 926 898 fidem,
947 839 1010 884 nec
1030 840 1134 886 unam

151 936 242 980 snec
270 919 357 983 duas
386 921 582 987 voluntates
610 930 671 987 aut
695 923 911 1005 operationes
937 922 972 985 in
998 920 1134 986 Christo

179 1017 344 1085 deliniens
370 1042 447 1087 esse
476 1024 700 1101 confitendas,
728 1025 828 1107 quasi
857 1022 940 1087 nihil
965 1022 1053 1088 velle
1080 1023 1134 1111 uel

180 1121 314 1201 operari
339 1124 528 1189 credendus
553 1127 600 1190 sit
628 1125 796 1190 Christus.
839 1122 940 1188 Unde
964 1121 1134 1187 Martinus

179 1239 282 1304 papa,
297 1233 502 1306 congregata
522 1225 644 1289 Romae
659 1227 792 1309 synodo
814 1243 834 1289 c
856 1233 891 1290 et
912 1243 935 1287 v
955 1225 1134 1308 episcopo-

179 1341 264 1400 rum,
286 1323 463 1390 damnavit
485 1327 549 1390 snb
573 1326 792 1391 anathemate
814 1325 977 1408 praefatos
997 1325 1134 1408 Cyrum,

136 1441 168 1485 ιο
180 1421 346 1506 Sergium,
362 1426 529 1509 Pyrrhum
545 1435 581 1492 et
595 1427 744 1492 Paulum
759 1426 949 1492 haereticos.
992 1425 1037 1491 Et
1052 1434 1133 1509 post

178 1523 254 1588 haec
279 1525 404 1590 missus
429 1529 473 1592 ab
500 1528 703 1610 imperatore
726 1527 925 1592 Theodorus
954 1527 1135 1606 exarchus,

179 1624 260 1689 tulit
275 1624 462 1691 Martinam
476 1648 604 1711 papam
618 1629 661 1692 de
676 1627 823 1692 ecclesia
834 1627 1133 1705 Constantiniana,

178 1726 407 1810 perduxitque
420 1727 774 1812 Constantinopolim
798 1729 857 1812 qui
868 1737 948 1811 post
960 1729 1035 1793 hoec
1047 1729 1133 1793 rele-

180 1835 281 1909 gatus
304 1827 513 1896 Chersonam
535 1831 660 1895 ibidem
683 1830 789 1895 vitam
810 1829 933 1905 finivit,
958 1829 1075 1894 multis
1096 1831 1132 1893 in

136 1930 299 1993 neodem
314 1929 391 1994 loco
407 1932 572 1996 virtutum
588 1932 693 2013 signis
709 1950 818 2013 usque
837 1929 937 1994 hodie
952 1929 1132 2012 refulgens.

179 2031 290 2095 Facta
325 2039 380 2096 est
414 2040 528 2096 autem
565 2032 718 2115 synodus
746 2031 893 2113 praefata
922 2051 1012 2096 anno
1042 2052 1132 2096 nono

177 2132 311 2214 imperii
348 2131 578 2209 Constantini,
615 2152 732 2196 mense
765 2131 917 2207 Octobri,
947 2132 1132 2197 indictione

179 2240 315 2298 octava.
360 2233 608 2299 Constantinus
636 2233 808 2315 princeps,
834 2231 1014 2297 Vitaliano
1040 2230 1134 2316 papa

178 2354 288 2417 nuper
302 2335 470 2413 ordinato,
485 2336 578 2400 misit
596 2336 700 2400 heato
718 2335 822 2399 Petro
842 2334 1000 2416 apostolo
1019 2332 1133 2398 Evan-

135 2436 268 2518 nogelia
295 2455 400 2500 aurea
425 2436 567 2519 gemmis
594 2435 682 2499 albis
710 2435 805 2499 mirae
831 2432 1075 2514 magnitudinis
1097 2434 1133 2498 in

179 2536 323 2602 circuitu
349 2544 488 2618 ornata3
511 2537 587 2619 ipse
610 2543 691 2619 post
704 2536 843 2618 'aliquot
868 2554 988 2612 annos,
1011 2528 1046 2598 id
1070 2543 1134 2611 est,

178 2657 240 2719 per
258 2636 478 2701 indictionem
499 2645 647 2714 sextam,
668 2636 808 2701 veniens
832 2635 989 2712 Romam,
1009 2636 1133 2699 obtulit

179 2757 283 2822 super
298 2738 406 2802 altare
420 2739 529 2820 ipsius
547 2739 688 2821 pallium
703 2757 787 2801 auro
803 2737 933 2814 textile,
948 2745 1021 2800 toto
1036 2756 1132 2799 exer-

180 2841 250 2904 citu
266 2859 343 2904 cum
359 2839 464 2903 cereis
476 2839 655 2902 ecclesiam
668 2838 825 2901 intrante.
857 2837 1028 2919 Sequente
1043 2855 1133 2900 anno

133 2960 165 3005 aa
178 2940 273 3005 facta
287 2947 341 3003 est
355 2940 494 3022 eclipsis
509 2941 604 3017 solis,
616 2958 720 3022 quam
732 2949 851 3003 nostra
866 2946 952 3002 aetas
969 2937 1133 3013 meminit,

180 3043 281 3125 quasi
293 3042 425 3105 decima
434 3041 519 3105 hora
529 3042 609 3118 diei,
618 3041 738 3124 quinto
749 3058 859 3104 nonas
869 3039 995 3103 Maias.
1022 3039 1133 3103 Theo·

179 3143 282 3207 dorus
294 3141 572 3225 archiepiscopus
582 3151 617 3207 et
626 3142 828 3206 Hadrianus
843 3143 961 3218 abbas,
973 3140 1026 3204 vir
1034 3159 1133 3223 aeque

179 3243 626 3320 doctissimus,aVitaliano
637 3242 734 3307 missi
742 3241 961 3319 Brittaniam,
970 3241 1133 3323 plurimas

179 3344 344 3408 ecclesias
368 3342 556 3425 Anglorum
581 3342 746 3406 doctrinae
769 3342 1013 3406 ecclesiasticae
1038 3340 1134 3423 fruge

135 3444 474 3509 aofoecundaverunt.
519 3443 780 3522 Constantinus,
805 3451 887 3526 post
908 3442 1073 3526 plurimas
1100 3449 1136 3506 et

179 3545 355 3609 inauditas
371 3545 643 3627 depraedationes
657 3546 843 3628 provinciis
858 3543 981 3620 iactas,
998 3543 1134 3607 occisus

180 3648 215 3711 in
236 3646 359 3710 balneo
379 3646 480 3728 periit
497 3647 684 3710 indictione
704 3645 929 3725 duodecima;
951 3664 1014 3708 nec
1032 3644 1135 3726 longo

180 3754 260 3832 post
272 3756 421 3830 ternpore
431 3749 533 3811 etiam
545 3747 744 3812 Vitalianus
759 3767 852 3830 papa
866 3745 1021 3812 coelestia
1032 3764 1136 3827 regna

182 3851 292 3933 petiit.

283 4071 301 4102 ²⁷
322 4073 453 4123 Theodorus
466 4079 489 4123 et
504 4069 665 4141 Hadrianus]
684 4075 719 4124 H.
733 4074 764 4122 E.
779 4087 817 4122 rv.
832 4074 849 4120 i.
863 4070 944 4136 iata,
956 4074 1012 4121 not.

1152 650 1226 697 toan.
1261 651 1319 696 671.
