2850 4890
254 347 318 412 184
449 365 537 412 vau.
553 364 660 412 annm
678 361 915 427 onnourcou,
931 360 1017 412 srva

56 539 230 633 „undis-gh}
257 522 344 587 Post
357 520 525 587 Auxentii
538 543 651 587 seram
664 530 817 600 mortem,
827 521 1016 586 Mediolani
1028 519 1212 585 Ambrosio

65 619 139 695 raas
170 619 239 695 arr]
258 625 420 706 episcopo
435 627 633 702 constituto,
648 626 759 689 omnis
775 625 819 689 ad
839 625 939 690 fidem
958 632 1089 688 rectam
1108 622 1214 687 Italia

258 727 479 793 convertitur.
530 726 685 792 Hilarius
714 727 898 810 episcopus
926 726 1083 792 Pictavis
1113 725 1214 788 mori-

259 834 323 891 tur.

65 943 137 989 saar.
171 945 228 992 aer.
301 925 434 993 Valens
453 948 530 993 cum
550 928 719 994 Gratiano
739 937 774 994 et
787 927 1046 1007 Valentiniano,
1061 925 1251 992 Valenti-s

259 1030 352 1094 niani
366 1030 481 1094 fratris
496 1030 551 1095 sui
565 1031 656 1109 filiis,
672 1032 772 1095 anuis
787 1047 836 1094 ιν.
881 1028 1014 1095 Valens
1028 1030 1104 1113 lege
1120 1030 1214 1106 data,

259 1140 298 1196 ut
326 1133 486 1197 monachi
514 1132 711 1212 militarent,
740 1133 896 1196 nolentes
929 1130 1079 1196 fustibus
1107 1131 1215 1215 jussit

260 1235 414 1299 interfici.
460 1234 555 1300 Gens
572 1235 789 1311 Hunnorum,
804 1234 863 1298 diu
878 1232 1067 1298 inaccessis
1081 1232 1216 1297 reclusa

259 1336 628 1418 montibus,repentina
636 1336 731 1401 rabie
743 1332 1216 1418 percita,exarsitinGothos,

260 1457 387 1520 eosque
411 1438 558 1519 sparsim
581 1438 804 1502 conturbatos
829 1437 873 1500 ab
897 1434 1051 1517 antiquis
1075 1435 1214 1499 sedibus
1225 1452 1253 1498 ro

260 1538 403 1620 expulit.
453 1538 571 1616 Gothi,
606 1538 751 1603 transito
783 1536 956 1612 Danubio,
989 1536 1161 1618 fugientes
1195 1555 1216 1599 a

261 1638 409 1703 Valente
433 1640 508 1703 sine
528 1658 698 1704 armorum
717 1638 931 1720 depositione
951 1637 1116 1719 suscepti,
1134 1656 1215 1700 mox

261 1759 322 1823 per
337 1740 519 1805 avaritiam
533 1739 681 1805 Maximi
697 1741 794 1804 ducis
810 1740 900 1804 fame
918 1739 963 1802 ad
981 1738 1215 1802 rebellandum

262 1842 375 1905 eoacti
395 1849 487 1920 sunt,
507 1843 668 1925 victoque
683 1842 842 1906 Valentis
857 1842 1010 1906 exercitu
1031 1859 1092 1923 per
1107 1839 1219 1904 Thra·

263 1942 351 2005 ciam
373 1961 450 2007 sese
465 1943 660 2022 miscentes
675 1943 776 2008 simul
792 1943 906 2007 omnia
919 1941 1082 2021 caedibus,
1102 1943 1217 2006 incen-
1227 1960 1255 2005 rs

262 2042 328 2106 diis
343 2043 540 2126 rapinisque
555 2044 726 2110 fuderunt.
1162 2120 1168 2137 Ι

67 2170 142 2218 raas.
174 2171 232 2216 aar.
313 2142 502 2209 Gratianus
530 2136 607 2210 cum
633 2145 738 2211 fratre
764 2146 1010 2211 Valentiniano
1038 2146 1140 2211 annis
1168 2163 1217 2209 vr.

261 2246 1220 2337 TheodosiusaGratianqimperatorcreatus,maximas

261 2347 340 2411 illas
359 2348 539 2431 Scythicas
560 2357 690 2430 gentes,
709 2348 774 2413 hoc
795 2355 859 2424 est,
875 2347 1018 2425 Alanos,
1037 2347 1164 2413 Hunos
1179 2355 1217 2413 ‘et

263 2447 395 2513 Gothos
423 2450 556 2530 magnis
581 2450 768 2531 multisque
797 2448 928 2532 proeliis
956 2450 1083 2532 vincit3
1118 2450 1257 2535 cujusne

263 2550 479 2613 concordiam
505 2568 574 2613 non
596 2548 742 2613 ferentes
768 2549 900 2627 Ariani,
928 2557 1009 2633 post
1034 2566 1089 2613 xl,
1107 2571 1221 2617 annos.

262 2651 438 2728 ecclesiaS,
456 2669 544 2733 quas
565 2649 600 2713 vi
620 2656 769 2726 tenuere,
793 2650 1012 2732 reliquerunt.
1056 2651 1218 2735 Synodus

264 2768 311 2814 cu
338 2750 480 2816 Patrum
506 2760 730 2834 congregatur
755 2753 838 2816 urbe
864 2753 1024 2834 Augusta
1052 2752 1221 2818 adversus

264 2852 506 2917 Macedonium
522 2855 587 2917 sub
603 2854 757 2917 Damaso
769 2852 889 2917 Romae
902 2855 1089 2938 episcopo„
1106 2855 1221 2921 Theo-

263 2957 380 3020 dosius
396 2954 584 3020 Arcadium
602 2955 710 3019 filium
731 2975 831 3019 suum
849 2964 1042 3021 consortem
1056 2957 1142 3023 facit
1156 2961 1258 3024 im-rr

261 3059 356 3141 perii.
400 3058 433 3122 A
457 3057 607 3123 secundo
632 3056 792 3122 Gratiani
813 3077 914 3135 anno,
935 3059 1013 3141 ipso
1032 3059 1220 3144 quinquies

262 3167 297 3224 et
322 3159 517 3223 Theodosio
546 3160 756 3236 consulibus,
786 3160 997 3242 Theophilus
1021 3163 1220 3244 paschalem

263 3266 459 3341 computum
476 3259 606 3324 scribit.
651 3261 829 3326 Maximus
843 3263 894 3326 vir
909 3263 1046 3345 quidem
1060 3271 1221 3331 strenuus

263 3369 298 3426 et
312 3362 440 3442 probus
451 3368 555 3444 atque
570 3361 728 3445 Augusto
741 3364 875 3445 dignus,
889 3364 957 3427 nisi
970 3371 1090 3428 contra
1104 3385 1221 3432 sacra·

263 3463 368 3525 menti
391 3461 491 3525 fidem
515 3482 576 3545 per
596 3465 809 3547 tyrannidem
833 3465 1040 3543 emersisset,
1065 3467 1100 3529 in
1127 3467 1259 3534 Brit-ro

263 3563 359 3627 tania
383 3562 512 3626 invitus
533 3565 777 3646 propemodum
799 3567 843 3629 ab
864 3567 1013 3630 exercitu
1035 3567 1221 3650 imperator

264 3672 411 3743 creatus,
444 3666 478 3728 in
507 3665 659 3730 Galliam
693 3668 841 3746 transiit,
870 3669 985 3750 ibique
1016 3668 1220 3736 Gratianum

264 3766 458 3849 Augustum
486 3768 573 3830 dolis
603 3768 870 3832 circumventum
897 3770 988 3850 apud
1015 3769 1221 3852 Lugdunum

265 3868 401 3945 occidit,
421 3868 626 3950 fratremque
645 3869 719 3952 ejus
740 3869 1020 3935 Valentinianum
1041 3870 1148 3937 Italia
1161 3895 1221 3938 ex-

282 4089 291 4117 ⁵
313 4088 420 4159 Valeria]
439 4093 475 4141 H.
486 4093 517 4142 E.
532 4098 555 4155 l,
568 4094 603 4142 ix.
617 4095 681 4156 §24
753 4090 773 4119 ²⁸
790 4092 934 4155 Maximus]
953 4093 991 4143 H.
1001 4094 1032 4144 E.
1047 4098 1071 4156 1,
1085 4095 1121 4143 ix.
1135 4093 1148 4160 ἕ
1162 4100 1202 4147 24.
