2850 4890
245 372 342 420 rrrsr.
360 372 674 420 rnausaarruurs
692 373 720 420 S.
739 374 974 421 curuuunrr.
1048 359 1114 424 303

155 519 276 579 tembris
296 520 465 579 sollenniter
483 518 643 589 dedicavit,
661 528 692 578 et
711 521 889 580 sanctissimi
910 521 1000 599 patris
1019 519 1116 582 Cuth·
1138 527 1172 577 A.
1182 527 1282 578 Daue.

157 604 231 663 berti
250 625 357 684 corpus
377 606 406 663 iu
425 605 637 682 locum,'quem
656 615 812 684 paraverat
827 606 998 665 translatum
1014 606 1115 665 debito

157 709 224 748 cum
249 690 358 749 honore
380 682 488 768 posuit.
530 689 642 749 Taliter
664 710 732 749 cum
755 699 860 750 sancto
882 711 1005 770 corpore
1028 691 1115 751 sedes

156 774 335 854 episcopalis
349 776 405 835 hoc
424 777 452 833 iu
473 775 540 834 loco
554 796 648 854 usque
663 775 701 835 ad
716 796 846 855 praesens
862 777 1032 856 permansit,
1047 797 1115 855 quae

127 876 142 918 5
157 879 174 917 a
189 880 259 937 rege
279 860 428 939 quondam
449 860 593 919 Oswaldo
614 869 644 918 et
664 859 785 920 Aidano
803 861 942 940 pontifice
955 863 983 920 in
999 862 1115 921 Lindis-

156 943 285 1004 fernensi
300 946 396 1006 insula
409 946 541 1024 primitus
555 944 650 1005 fuerat
664 947 806 1007 instituta.
849 947 902 1006 Ab
914 967 990 1005 anno
1004 948 1115 1026 itaque,

157 1051 217 1109 quo
240 1031 371 1109 pontifex
396 1029 534 1090 Aidanus
559 1031 757 1110 episcopalem
779 1031 948 1091 cathedram
969 1034 998 1090 iu
1019 1032 1117 1091 insula

156 1115 387 1177 Lindisfarnensi
397 1114 620 1187 conscenderat,
631 1137 723 1196 usque
732 1115 770 1176 ad
779 1137 897 1188 aunum,
908 1138 967 1197 quo
975 1116 1116 1177 Alduuns

157 1201 293 1261 eamdem
311 1203 340 1261 in
361 1200 510 1261 Dunelmo
530 1201 716 1273 ascenderat,
739 1212 948 1282 computantur
970 1203 1039 1261 anni
1059 1211 1117 1261 tre-

114 1287 235 1345 lucenti
255 1287 409 1365 sexaginta
430 1307 515 1357 unus,
536 1306 555 1346 a
573 1288 696 1347 transitu
714 1288 809 1347 sancti
824 1287 978 1348 cuthberti
993 1288 1136 1347 trecenti·

158 1391 274 1432 novem.

200 1461 278 1530 §22
302 1455 451 1516 Defuncto
466 1455 589 1517 Alduno
603 1457 756 1536 episcopo,
772 1466 802 1516 et
817 1456 941 1515 triennio
955 1459 1021 1535 jam
1041 1478 1117 1537 pene

155 1541 287 1601 ecclesia
310 1551 435 1601 vacante
461 1553 590 1622 pastore,
615 1540 811 1601 Eadmundus
836 1543 880 1602 vir
902 1542 1057 1619 religiosus
1087 1552 1118 1602 et

158 1635 294 1686 strenuus
319 1627 445 1704 eligitur,
470 1647 558 1706 quem
578 1627 733 1706 presbyter
757 1646 825 1686 cum
849 1626 976 1686 diacono
999 1628 1055 1693 sibi
1078 1628 1118 1687 ad

115 1727 146 1772 15
158 1713 250 1771 altare
272 1712 463 1782 ministrante,
485 1713 562 1771 infra
581 1732 736 1782 canonem,
755 1732 830 1771 voce
850 1713 937 1790 quasi
956 1712 994 1771 de
1015 1713 1118 1772 tumba

158 1798 249 1877 patris
270 1797 396 1876 prolata,
423 1798 596 1877 episcopum
617 1797 766 1874 designari
787 1797 930 1857 andierat.
973 1796 1035 1856 Sub
1059 1798 1116 1857 boc

158 1884 265 1942 antiste
279 1884 308 1940 in
322 1883 390 1961 ipsa
404 1882 618 1942 Dunhelmeusi
635 1883 766 1942 ecclesia
780 1882 885 1942 claruit
898 1881 1020 1961 quidam
1034 1903 1116 1962 pres·

158 1969 255 2046 hyter,
269 1969 319 2047 qui
333 1968 390 2048 piis
404 1975 435 2026 et
447 1968 591 2045 religiosis
606 1969 744 2047 operibus
759 1988 872 2046 magnae
886 1967 965 2046 apud
981 1979 1116 2027 sanctum

158 2053 352 2113 Cuthbertum
360 2052 576 2122 familiaritatis,
587 2053 734 2112 vocabulo
745 2053 885 2113 Elfredus
896 2051 975 2113 filius
988 2053 1115 2113 Westnu

113 2138 320 2200 auexstiterat.
365 2137 470 2197 Hicin
485 2140 620 2198 omnibns
635 2146 740 2197 sancto
760 2138 923 2198 Cuthberto
941 2147 1004 2198 erat
1024 2137 1116 2199 devo-

156 2233 217 2294 tus,
231 2224 275 2282 vir
290 2223 412 2282 multum
427 2224 553 2293 sobrius,
563 2224 757 2302 eleemosynis
769 2222 898 2292 deditus,
909 2224 938 2280 in
953 2224 1116 2284 orationum

157 2308 256 2368 studio
278 2308 429 2377 assiduus,
449 2308 570 2368 lascivis
590 2318 621 2368 et
639 2308 796 2388 impudicis
816 2308 962 2376 terribilis,
982 2309 1115 2368 honestis

157 2414 201 2455 ac,
215 2394 313 2455 Deum
329 2395 498 2454 timentibus
521 2395 708 2464 venerabilis,
727 2401 829 2454 custos
849 2392 984 2453 ecclesiae
1003 2392 1115 2453 fidelis-

159 2481 262 2538 simus.
305 2478 338 2537 Is
361 2479 504 2538 habuerat
524 2500 612 2537 unum
633 2479 671 2539 dc
690 2479 806 2558 capillis
830 2479 925 2538 sancti
948 2478 1115 2549 Cuthberti,

114 2583 145 2626 25
157 2585 244 2645 quem
259 2563 486 2624 adventantibus
503 2565 619 2624 solebat
632 2564 799 2634 ostendere,
815 2571 846 2623 et
857 2584 896 2622 ex
909 2563 960 2622 illo
975 2565 1116 2623 sanctita·

158 2659 217 2710 tem
239 2653 304 2729 ejus
324 2650 493 2709 mirantibus
509 2649 576 2728 plus
592 2649 794 2709 admirationis
809 2648 947 2728 adjicere.
992 2647 1116 2709 Solebat

158 2755 286 2815 namque
313 2735 434 2814 impleto
462 2736 562 2814 prunis
597 2735 768 2795 ardentibus
796 2734 943 2793 thuribulo
976 2734 1116 2813 capillum

158 2822 256 2900 ipsum
283 2821 441 2898 imponere,
469 2821 520 2899 qui
544 2820 614 2880 inibi
638 2820 748 2880 diutius
774 2839 957 2900 nequaquam
982 2821 1117 2878 consumi

159 2913 284 2985 poterat,
299 2904 353 2963 sed
373 2905 553 2965 candescere
574 2923 610 2963 ac
630 2906 723 2964 veluti
737 2925 840 2964 aurum
854 2906 883 2965 in
899 2907 966 2982 igne
986 2905 1116 2974 rutilare,

115 3008 147 3052 au
158 2991 285 3070 indeque
302 2999 371 3070 post
390 2990 493 3069 longas
513 3012 610 3050 moras
630 2991 764 3050 sublatus
784 2991 812 3048 iu
832 2990 977 3071 propriam
992 2989 1117 3049 formam

157 3076 298 3155 paulatim
311 3074 413 3134 redire.
459 3075 533 3136 Hoc
545 3097 616 3135 saue
628 3075 800 3135 miraculum
811 3076 894 3134 multi
905 3075 1117 3154 discipulorum

157 3165 234 3240 ejus,
258 3181 313 3221 nec
335 3180 391 3220 noo
417 3168 448 3221 et
469 3160 589 3240 quidam
610 3162 697 3240 hujus
722 3162 889 3220 monasterii
906 3159 996 3220 frater
1016 3161 1116 3221 multae

204 3410 378 3474 ¹Dediccnr't.]
415 3413 488 3461 Οιι4
506 3414 620 3475 Septem·
689 3410 709 3441 ¹⁹
724 3413 910 3478 Elfredusfllius
920 3414 1117 3476 Wertou.]Con-

158 3484 215 3546 ber,
228 3487 287 3544 999,
300 3497 343 3532 see
356 3483 607 3543 s.1>une1m‚111.r.
653 3484 758 3544 coming
782 3483 834 3532 him
858 3485 910 3533 and
935 3485 975 3534 his
997 3486 1117 3546 dealings

196 3550 216 3580 ¹²
232 3547 349 3620 Atticam]
383 3553 465 3613 Many
478 3552 622 3602 additional
653 3553 1118 3616 withSt.Cuthbert‚secReginaldus

159 3621 621 3684 factaregardinghimarcfurnished
655 3624 776 3685 Dunelm.
794 3639 852 3685 cap.
866 3625 938 3685 xxvi,
954 3625 980 3673 S.
996 3626 1117 3685 Dunelm,

160 3694 194 3753 by
207 3694 235 3742 S.
248 3695 369 3753 Dunelm,
381 3707 421 3744 ιιι.
434 3693 468 3741 iv.
480 3707 505 3743 v.
654 3707 694 3742 ιιι.
708 3695 756 3754 rii,
773 3695 825 3742 and
843 3693 885 3742 the
905 3693 1005 3742 further
1022 3695 1118 3743 details

197 3760 216 3790 ¹³
231 3762 405 3824 Eudmundtu]
440 3761 489 3812 Sec
502 3761 623 3812 Leland's
653 3763 787 3813 furnished
807 3765 840 3824 by
861 3764 914 3812 Mr.
934 3763 1015 3811 Raine
1032 3764 1058 3812 in
1076 3764 1117 3811 his
1187 3787 1192 3796 ·

160 3832 270 3882 Collect.
283 3835 302 3883 i.
314 3837 373 3893 53⁰,
382 3832 469 3881 where
478 3847 495 3881 a
504 3833 624 3883 different
656 3833 762 3894 History
775 3832 804 3882 of
812 3834 850 3882 St.
864 3832 1008 3882 Cuthhcrt..

161 3907 271 3952 account
282 3905 305 3952 is
317 3904 394 3964 given
411 3903 441 3951 of
455 3902 498 3950 the
515 3904 622 3951 circnm-
689 3900 710 3933 ²⁰
726 3897 886 3969 Exstitcrct]
923 3902 976 3952 Qui
989 3902 1117 3963 usquead

160 3976 262 4023 stances
275 3973 359 4022 which
372 3973 415 4022 led
429 3978 455 4021 to
468 3971 508 4021 his
524 3987 623 4035 promo·
654 3976 755 4034 tempus
777 3972 908 4034 Egelwini
926 3972 1040 4033 episcopi
1061 3987 1118 4034 per-

160 4043 214 4091 tion
227 4048 254 4094 to
267 4044 310 4094 the
321 4057 382 4105 ece;
399 4042 456 4092 also
466 4043 493 4094 S.
502 4043 623 4106 Dunelm,
655 4044 757 4106 mansit,
770 4043 798 4092 S.
809 4042 931 4106 Dunelm,
943 4055 984 4092 ur.
996 4042 1041 4091 rii.

160 4125 202 4160 ιιι.
216 4115 250 4162 vi.
