2850 4890
470 373 648 424 sucronn
667 374 754 422 vnn.
772 373 883 420 suns.
1094 358 1157 423 131

199 529 269 608 Qui
283 529 417 614 ignibus
432 532 467 595 in
482 531 605 595 mediis
619 532 769 596 insontia
783 534 934 598 membra
947 535 1065 613 tueris,
1173 546 1206 597 Α.
1216 547 1250 598 1).
1259 552 1318 602 ooo.

241 632 296 696 Ne
312 633 498 698 Hebraeum
512 641 635 698 noceat
652 633 806 699 Chaldea
820 635 959 699 flamma
973 636 1089 700 decus.
1146 690 1151 701 .

198 732 299 796 Dena
313 741 435 816 quater
448 753 593 799 renovas
609 753 670 816 per
683 734 811 817 frigora
824 735 935 818 plebis
952 738 1114 801 amictum

167 853 181 894 ⁵
241 833 330 912 Quae
345 835 476 900 variam
490 835 634 917 fugiens,
650 838 744 902 invia
760 846 885 913 servat,
900 838 1048 901 humum.

197 934 267 1013 Qui
282 936 436 1001 rediviva
448 937 559 1000 levem
575 937 702 1002 formas
716 939 754 1002 in
769 940 921 1003 membra
935 938 1100 1017 favillam,

239 1035 326 1100 Cum
341 1045 460 1102 tremet
475 1037 639 1119 angelicis
654 1039 803 1103 mundus
817 1040 860 1103 ab
876 1058 943 1104 axe
959 1040 1072 1103 tubis!

196 1238 286 1304 Haec
306 1248 342 1304 et
358 1239 554 1324 hujusmodi
574 1241 674 1323 plura
696 1241 754 1304 ubi
772 1242 890 1305 multis
906 1261 982 1305 cum
1001 1241 1152 1304 lacrimis

195 1359 236 1404 ac
257 1361 381 1424 magna
403 1343 665 1426 compunctione
679 1341 835 1424 pontifex
851 1349 1016 1407 tremente
1035 1343 1153 1424 lingua

152 1461 183 1505 ro
195 1445 391 1526 complevit,
410 1444 562 1509 fecerunt
583 1445 731 1522 Fratres,
751 1452 789 1508 ut
804 1445 978 1527 jusserat3
1001 1453 1037 1509 et
1055 1445 1155 1509 invo-

193 1545 304 1609 lutum
318 1565 409 1611 novo
424 1548 550 1611 amictu
565 1564 688 1627 corpus
702 1545 839 1628 levique
858 1547 894 1608 in
916 1546 1016 1610 theca
1035 1565 1154 1610 recon-

193 1645 316 1725 ditum,
344 1668 447 1732 super
472 1649 706 1732 pavimentum
736 1647 931 1711 sanctuarii
961 1666 1152 1730 conposue-

192 1756 283 1813 runt.

510 1984 671 2050 CAPUT
694 1984 836 2050 XLIII.

149 2175 179 2219 15
196 2151 357 2224 Quomodo
371 2178 481 2242 corpus
495 2155 670 2220 Eodbercti
685 2157 822 2241 episcopi
836 2156 870 2217 ia
885 2154 1000 2218 tomulo
1010 2156 1072 2218 viri
1084 2153 1153 2218 Dei

250 2269 412 2344 ponentes,
427 2258 652 2344 sarcophapum
667 2258 754 2322 illius
768 2258 898 2342 desuper
906 2258 1081 2342 posuerint.

193 2462 278 2547 §7:3.
301 2461 480 2526 Iurnnnn
504 2461 579 2525 Deo
600 2461 746 2526 dilectus
770 2462 915 2525 antistes
936 2461 1149 2537 Eadberctus
1170 2481 1292 2542 aerioma

191 2565 311 2629 morbo
325 2565 505 2646 corripitur
519 2564 653 2639 acerbo,
665 2571 701 2627 et
712 2570 886 2627 crescente
901 2583 961 2646 per
976 2563 1049 2626 dies
1064 2562 1151 2625 mul·
1169 2533 1299 2623 'ilidii‘

191 2672 332 2748 tumque
346 2667 603 2747 ingravescente
620 2665 741 2728 ardore
756 2664 941 2746 languoris,
954 2682 1023 2726 non
1041 2663 1150 2726 multo

147 2787 180 2832 no
191 2776 284 2852 post,
298 2767 334 2831 id
349 2774 414 2845 est,
428 2767 536 2849 pridie
553 2766 675 2829 Nonas
688 2765 815 2842 Maias,
825 2765 929 2828 etiam
941 2766 1016 2846 ipse
1028 2765 1152 2846 migra·

191 2871 243 2935 vit
257 2870 302 2934 ad
318 2869 525 2947 Dominum3
547 2869 731 2950 impetrato
750 2869 793 2931 ab
815 2867 867 2931 Eo
887 2886 1036 2943 munere,
1057 2867 1150 2949 quod

192 2972 452 3054 diligentissime
467 2971 624 3052 petierat,
639 2969 811 3046 videlicet,
825 2976 864 3032 ut
884 2986 952 3031 non
970 2969 1151 3050 repentina

190 3082 311 3151 morte,
333 3073 393 3138 sed
410 3075 514 3155 longa
533 3079 697 3136 excoctus
718 3071 929 3153 aegritudine,
950 3070 1112 3133 transiret
1132 3089 1151 3132 e

191 3195 342 3259 corpore.
386 3174 493 3258 Cujus
518 3193 643 3257 corpus
668 3174 705 3235 in
734 3173 891 3254 sepulcro
917 3170 1011 3234 beati
1036 3169 1151 3234 Patris

147 3295 178 3341 2⁵
192 3276 377 3342 Cudbercti
402 3284 580 3359 ponenteS,
607 3277 842 3358 adposuerunt
860 3274 1008 3356 desuper
1026 3291 1152 3348 arcam,

191 3381 227 3443 in
247 3399 316 3462 qua
336 3381 534 3460 incorrupta
549 3377 702 3461 ejusdem
718 3376 833 3440 Patris
847 3376 999 3438 membra
1013 3374 1152 3438 locave-

190 3491 287 3563 rant3
310 3483 369 3545 ubi
390 3501 481 3545 nunc
502 3500 624 3564 usque,
650 3480 680 3542 si
705 3478 893 3560 petentium
916 3476 1000 3540 fides
1021 3476 1151 3556 exiget,

190 3585 430 3649 miraculorum
458 3584 559 3665 signa
587 3582 659 3644 fieri
692 3599 760 3644 non
791 3579 962 3644 desinunt.
1017 3577 1085 3640 Sed
1116 3584 1151 3640 et

928 3802 1155 3812 m—

235 3926 245 3955 ⁵
267 3923 386 3996 Variam]
405 3928 537 3988 Phariam,
551 3928 615 3976 Boll.
689 3929 720 3991 is,
733 3943 764 3976 on
777 3931 793 3976 o
805 3928 878 3990 May,
895 3927 976 3975 under
996 3923 1080 3972 which
1099 3924 1151 3984 day

228 3995 246 4026 ¹⁴
264 3993 490 4066 CururXL111.]
519 3998 574 4048 vit.
589 3999 654 4048 Met.
689 3993 1150 4058 aectheActaSenctorum,andalao

193 4070 258 4130 Cap.
271 4081 369 4119 xxxix.
691 4070 726 4119 H.
739 4071 771 4122 Ε.
783 4071 818 4119 iv.
831 4072 872 4117 30.

226 4138 246 4167 ‘²⁰
264 4139 350 4188 Pridie
362 4140 446 4188 Nouus
458 4138 558 4201 Maius]
588 4139 657 4188 'l'hat
