2850 4890
276 385 378 435 HIST.
397 385 480 432 ABB.
499 384 770 447 GYRVENSlUM,
788 384 901 433 AUOT.
920 384 1039 434 ANON.
1082 369 1148 434 333

187 533 241 592 sed
263 539 293 592 'et
319 531 428 590 ibidem
456 531 652 591 residentibus
677 551 833 601 annonam,
862 532 1002 611 quamdin
1028 553 1146 592 manere

185 618 307 686 vellent,
322 618 522 677 constitueret.

229 710 242 777 ξ
257 710 305 762 39.
330 703 412 769 Quid
428 723 497 760 vero
511 701 548 760 de
564 722 610 771 eo,
628 703 674 760 vel
690 702 857 761 muneribus
872 704 949 780 ejus,
962 702 1145 782 apostolicus
1169 726 1301 770 uerrere-01„

187 810 265 869 papa
284 789 408 847 senserit
429 798 551 848 testatur
573 789 709 867 epistola,
731 808 819 866 quam
842 791 962 860 remisit,
981 792 1067 868 cujus
1088 789 1145 849 boc
1170 780 1283 828 praecre-

92 881 94 883 '
157 891 172 934 5
189 875 361 955 principium
375 884 432 943 est,
1166 840 1306 924 “allidant

230 1046 419 1122 ‘Gregorius
442 1043 612 1121 episcopus,
636 1063 739 1102 servus
764 1062 913 1103 servorum
934 1043 1004 1114 Dei,
1027 1043 1147 1105 Hwaet-

193 1171 194 1174 =
274 1132 377 1190 berbto
391 1129 527 1206 religioso
543 1128 653 1187 abbati.

222 1224 241 1251 ·‘
258 1216 438 1296 Scriptorum
468 1223 525 1272 tuae
556 1212 767 1293 amplectendae
795 1213 943 1290 religionis
968 1215 1042 1274 serie
1072 1216 1147 1274 rele-

189 1302 286 1380 gendo
317 1309 483 1381 perspecta,
516 1299 701 1377 congaudere
728 1310 758 1357 te
787 1300 912 1369 veritati,
940 1301 1025 1377 eujus
1053 1303 1147 1377 gratia

148 1403 180 1448 10
192 1396 337 1446 vocantur
360 1407 395 1446 ea
418 1405 484 1463 qnae
504 1405 561 1443 non
584 1394 661 1452 sunt,
683 1391 823 1463 tanquam
846 1405 969 1464 eaquae
994 1395 1077 1454 sunt;
1108 1386 1146 1445 de

189 1481 291 1531 nostra
311 1472 495 1551 promotione
518 1479 684 1528 monstrans
710 1490 746 1528 ac
769 1470 845 1547 juris
867 1471 1033 1549 apostolici,
1060 1474 1146 1550 cujus

189 1558 348 1616 ministerio
361 1557 506 1633 tangimur
517 1575 695 1634 quamquam
710 1556 854 1625 immeriti,
871 1568 900 1614 te
915 1558 1038 1615 subesse
1049 1577 1145 1635 prom-

190 1644 303 1702 tissime
323 1641 477 1722 profiteris.
520 1641 638 1705 Quibus
664 1661 701 1699 ex
723 1641 822 1698 causis
847 1640 954 1699 debere
979 1652 1008 1701 te
1030 1644 1146 1703 noveris

190 1749 268 1797 eum,
292 1748 390 1807 quern,
410 1726 575 1804 gratularis,
594 1746 721 1806 pracesse
738 1727 866 1784 continui
889 1726 1097 1786 collaborando
1116 1729 1145 1787 in

148 1830 178 1876 15
190 1815 326 1895 precibus
349 1814 516 1880 instantius,
542 1820 574 1869 ut
597 1813 692 1891 possit
717 1821 747 1871 et
772 1812 827 1869 sibi
855 1821 885 1870 et
909 1813 960 1870 tibi
988 1813 1146 1892 multisque

190 1899 453 1979 prodesse,—enm
476 1897 608 1975 proinde,
628 1899 713 1974 cujus
737 1896 804 1955 Deo
827 1897 942 1957 dicatos
963 1900 1146 1958 venerabiles

190 2005 284 2044 canos
303 1983 507 2043 commendare
523 1981 672 2049 studuisti,
691 1981 728 2040 de
746 1983 966 2061 temporalibus,
990 1994 1147 2063 antequam

192 2071 391 2148 susciperetur
419 2090 437 2128 a
465 2069 560 2137 nobis,
586 2066 626 2126 ad
650 2076 770 2134 aeterna,
798 2067 865 2126 Deo
889 2079 1026 2138 vocante,
1055 2081 1149 2128 trans·

191 2156 302 2222 latum;
326 2155 428 2223 misso,
449 2151 488 2212 ad
512 2163 649 2212 aetcrnam
675 2154 720 2211 sui
741 2154 920 2223 memoriam,
942 2175 1061 2212 munere
1084 2176 1149 2215 meo

148 2258 181 2302 20
193 2240 323 2299 Domino
344 2248 375 2298 et
399 2239 545 2298 communi
568 2248 689 2317 patrono
713 2239 799 2297 beato
825 2239 929 2307 Petro,
950 2240 1150 2318 apostolorum

193 2326 312 2384 domino
337 2345 462 2392 summo,
487 2323 576 2382 fidem
602 2326 665 2402 ejus
691 2324 719 2381 in
744 2326 870 2381 muneris
900 2324 1057 2383 collatione
1083 2346 1149 2404 pro-

194 2413 310 2480 bantes,
330 2410 449 2488 dignum
472 2409 796 2468 commemorationibus
821 2408 950 2467 assiduis
970 2410 1150 2480 censuimus,

194 2516 231 2556 ac
249 2495 485 2575 probatissimum
502 2503 712 2573 praceptorum
734 2495 763 2552 in
787 2495 896 2552 sanctis
916 2515 952 2554 ac
968 2496 1150 2572 regularibus

193 2582 332 2641 institutis
350 2581 446 2658 dignis
467 2579 648 2639 auditoribus
665 2580 804 2657 praevium
822 2591 889 2638 ante
908 2579 1007 2638 Deum
1024 2582 1150 2640 existere

149 2684 181 2729 25
194 2687 362 2746 peroremus
392 2677 424 2724 ut
455 2665 548 2734 illurn,
578 2664 681 2723 Aaron
712 2674 742 2723 et
770 2664 874 2744 Moysi
903 2666 1014 2724 sanctis
1043 2666 1151 2725 divinae

194 2753 288 2834 plebis
323 2751 461 2819 ducibus,
494 2749 532 2808 ad
569 2749 770 2827 promissionis
806 2751 930 2830 patriam
965 2751 1152 2810 tendentibus

195 2839 339 2907 evocatis,
363 2844 525 2914 sanctoque
543 2835 584 2893 illi
607 2835 720 2904 Heliae,
745 2837 843 2895 subito
867 2837 894 2896 in
919 2837 1035 2895 aetheris
1057 2847 1151 2916 rapto,

195 2924 304 2982 meritis
329 2921 500 2981 excolendis
526 2921 616 2998 gratia
644 2941 781 2999 superna,
807 2942 873 2999 quae
896 2921 976 2979 illum
1001 2925 1151 2990 assumsit,

196 3010 366 3088 aequiperet,
384 3027 420 3066 ac
440 3006 625 3085 superstitem
646 3005 823 3085 discipulum
843 3007 1005 3066 institutum
1026 3028 1093 3066 cum
1113 3008 1151 3066 ad

154 3111 185 3156 3ο
198 3094 307 3152 seculis
333 3092 528 3172 gubernandis
550 3091 624 3150 Jesu
648 3091 858 3168 elegantissimi
879 3092 964 3151 ducis
985 3113 1020 3151 ac
1046 3093 1152 3152 Finees

199 3179 320 3239 Helisei
358 3178 534 3256 dignitatum
575 3177 799 3236 charismatibus
835 3177 967 3248 indultis,
1008 3188 1153 3259 perornet.

196 3265 298 3325 Vale!

240 3439 321 3508 540.
358 3431 528 3491 Narrabant
555 3441 654 3490 autem
682 3434 765 3492 nobis
794 3435 903 3493 reversi
931 3435 1054 3495 comites
1087 3437 1154 3496 Deo
1178 3465 1323 3516 mmm.

197 3521 299 3579 dilecti
318 3519 408 3597 patris
423 3518 526 3586 nostri,
541 3519 611 3595 quia
627 3519 760 3596 proxima
778 3529 864 3578 nocte
884 3528 1040 3600 postquam
1057 3522 1155 3602 sepul·
1176 3517 1270 3607 gle'ffill'

154 3624 186 3682 35
197 3617 270 3665 turae
287 3604 425 3662 traditum
444 3611 491 3662 est
508 3603 673 3661 venerabile
689 3624 796 3684 corpus
812 3605 915 3683 ipsius,
930 3607 1023 3665 tribus
1038 3609 1102 3684 ejus
1118 3607 1156 3667 da

198 3690 335 3751 ecclesiae
351 3687 536 3756 custodibus,
550 3690 639 3766 juxta
656 3709 776 3759 morem,
791 3692 933 3749 excubias
948 3692 1043 3749 noctis
1065 3712 1155 3768 agen-

198 3778 289 3843 tibus,
301 3775 398 3834 subito
412 3773 572 3851 fragrantia
585 3775 664 3833 mirae
679 3774 778 3834 odoris
789 3783 880 3834 totam
893 3776 1049 3834 ecclesiam
1062 3777 1157 3856 reple·

199 3863 289 3930 verit:
313 3869 417 3920 secuta
438 3860 476 3919 sit
501 3867 599 3917 autem
620 3870 651 3919 et
669 3860 732 3930 lux,
757 3880 823 3939 quae
849 3869 880 3918 et
901 3861 967 3940 ipsa
986 3881 1044 3919 non
1062 3882 1155 3942 parvo

902 4035 1154 4046 -——--—.

441 4142 460 4173 ³²
479 4139 647 4210 Propontis]
674 4143 834 4207 Flagrantia,
847 4144 905 4194 MS.
