2850 4890
463 375 645 426 sucrorn
661 375 749 424 vsu.
767 373 880 423 nnus.
1091 357 1155 425 149

191 535 424 620 locupletatus
444 537 565 618 rediit;
586 556 711 619 magna
728 534 866 620 quidem
888 532 992 618 copia
1010 533 1153 599 volumi-
1170 547 1318 601 abesa

192 657 274 701 num
303 656 499 719 sacrorum3
522 637 584 702 sed
609 657 678 702 non
703 635 826 701 minori
851 634 961 720 (sicut
983 643 1020 700 et
1039 635 1152 721 prius)

192 746 389 804 sanctarum
417 739 604 822 imaginum
632 758 774 803 munere
797 738 939 803 ditatus.
995 737 1088 802 Nam
1117 745 1153 804 et

191 848 274 905 tunc
301 841 481 905 dominicae
507 840 659 906 historiae
689 841 856 924 picturas,
884 839 1009 921 quibus
1042 847 1151 906 totam

161 942 302 1006 sbeatae
320 942 388 1008 Dei
403 941 607 1022 Genetricis,
622 962 725 1026 quam
742 941 779 1006 in
795 942 1004 1006 monasterio
1022 942 1150 1025 majore

190 1042 328 1122 fecerat,
362 1045 546 1110 ecclesiam
584 1046 621 1110 in
656 1064 739 1129 gyro
783 1051 972 1123 coronaret,
1003 1045 1149 1126 adtulit;

189 1145 356 1228 imagines
370 1166 507 1230 quoque
523 1147 568 1212 ad
583 1148 774 1213 ornandum
784 1147 1028 1211 monasterium
1041 1147 1150 1212 eccle·

189 1248 345 1330 siamque
360 1249 455 1313 beati
469 1248 573 1314 Pauli
586 1247 760 1333 Apostoli,
774 1249 816 1313 de
830 1247 1012 1313 concordia
1026 1248 1152 1313 veteris

189 1349 223 1413 ei
250 1351 332 1414 novi
358 1350 572 1415 Testamenti
606 1370 741 1415 summa
769 1349 902 1414 ratione
931 1351 1152 1433 compositas,

146 1469 177 1514 ιο
189 1450 367 1533 exh'ibuit3
389 1453 485 1518 verbi
505 1453 627 1535 gratia,
643 1451 746 1517 Isaac
763 1450 870 1534 ligna,
890 1451 1014 1533 quibus
1032 1451 1152 1515 immo-

188 1553 327 1634 laretur,
352 1560 559 1637 portantem,
581 1562 617 1619 et
640 1553 825 1618 Dominum
848 1570 996 1630 crucem,
1018 1554 1057 1617 in
1082 1573 1152 1636 qua

188 1662 374 1738 pateretur,
388 1675 486 1739 aeque
499 1660 703 1738 portantem,
716 1653 874 1738 proxima
887 1653 1151 1736 superinvicem

188 1757 337 1840 regione,
376 1759 511 1841 pictura
544 1757 735 1840 conjunxit.
794 1755 895 1835 Item,
930 1756 1081 1838 serpenti
1103 1756 1151 1819 'in

189 1877 302 1922 eremo
318 1878 340 1922 a
354 1857 479 1944 Moyse
495 1859 662 1936 exaltato,
678 1857 805 1922 Filium
819 1857 980 1922 Hominis
997 1859 1033 1922 in
1050 1877 1150 1924 cruce

146 1978 177 2023 rs
189 1958 381 2025 exaltatum
396 1960 619 2044 comparavit.
654 1959 785 2023 Attulit
794 1957 886 2024 inter
901 1959 981 2036 alia,
995 1967 1031 2025 et
1043 1961 1152 2044 pallia

189 2060 258 2125 duo
278 2061 446 2126 oloserica
464 2059 725 2145 incomparandi
741 2058 866 2142 operis,
880 2059 1008 2142 quibus
1028 2069 1152 2145 postea

189 2165 235 2229 ab
268 2163 426 2229 Aldfrido
460 2184 538 2248 rege
572 2163 715 2247 ejusque
750 2162 965 2240 consiliariis,
1001 2183 1151 2247 namque

189 2264 386 2349 Ecgfridum
398 2275 583 2351 postquam
596 2266 697 2331 rediit
705 2265 782 2349 jam
790 2264 1007 2330 interfectum
1017 2267 1153 2351 reperit,

189 2374 315 2433 terram
330 2370 432 2433 trium
446 2368 651 2433 familiarum
664 2368 708 2432 ad
720 2374 874 2433 austrum
888 2365 988 2432 Uuiri
1000 2367 1151 2433 fluminis

146 2489 178 2534 ao
185 2469 291 2554 juxta
305 2471 442 2550 ostium,
456 2471 680 2555 comparavit.

234 2572 326 2657 §lo
359 2572 489 2639 Verum
516 2574 606 2638 inter
632 2573 716 2638 laeta
744 2593 822 2657 quae
851 2573 993 2638 veniens
1023 2573 1151 2652 attulit,
1164 2587 1232 2679 Η
1216 2591 1285 2627 reurnt

190 2675 305 2741 tristia
320 2675 412 2740 domi
425 2675 571 2758 reperit;
593 2675 822 2740 venerabilem
836 2675 996 2741 videlicet
1009 2640 1191 2759 presby-⁰

189 2784 300 2842 terum
325 2776 411 2843 Eost
397 2776 543 2855 terwini,
569 2797 672 2860 quem
698 2777 855 2841 abiturus
885 2777 1045 2841 abbatem
1070 2796 1151 2840 con-

190 2879 362 2959 stituerat,
377 2879 479 2944 simul
499 2888 535 2944 et
554 2879 696 2944 fratrum
715 2880 748 2944 ei
766 2879 1023 2944 commissorum
1043 2884 1152 2943 cater-

146 3000 178 3044 rt
193 3001 273 3046 vam
286 3001 355 3045 non
370 2999 527 3064 paucam,
539 3001 602 3064 per
614 2988 741 3044 cuncta
751 2987 930 3062 grassante
944 2980 1153 3063 pestilentia,

185 3083 262 3167 jam
274 3084 446 3167 migrasse
470 3083 512 3146 de
533 3082 661 3147 seculo.
704 3081 773 3146 Sed
794 3083 914 3146 aderat
933 3088 969 3146 et
987 3081 1153 3161 solamen,

191 3185 275 3268 quia
308 3185 343 3248 in
377 3185 455 3249 loco
484 3184 701 3268 Eosterwyni
730 3184 840 3249 vimm
868 3203 966 3268 aeque
994 3204 1151 3251 reveren·

190 3287 366 3351 tissimum
394 3306 436 3353 ac
465 3285 684 3350 mitissimum
710 3285 756 3350 de
782 3287 990 3351 monasterio
1021 3287 1151 3365 eodem,

191 3388 397 3472 Sicgfridum
416 3388 577 3453 videlicet
595 3387 789 3465 diaconum,
811 3386 978 3452 electione
994 3388 1152 3454 Fratrum

149 3509 181 3554 so
192 3510 333 3556 suorum
362 3491 464 3555 simul
500 3498 535 3555 et
564 3490 743 3555 coabbatis
771 3488 847 3572 ejus
872 3489 1044 3567 ceolfridi,
1070 3510 1152 3554 mox

192 3592 420 3657 substitutum
460 3590 640 3675 cognovit3
682 3592 793 3657 virum
829 3592 974 3657 scientia
1013 3591 1153 3675 quidem

192 3694 445 3777 Scripturarum
464 3693 670 3758 sufficienter
687 3694 903 3771 instructum,
922 3694 1071 3758 moribus
1092 3713 1153 3777 op-

192 3796 285 3860 timis
300 3803 469 3873 omatum,
482 3796 570 3859 mira
586 3793 805 3859 abstinentiae
820 3794 946 3859 virtute
961 3792 1152 3877 praeditum,

191 3897 255 3962 sed
273 3896 319 3961 ad
337 3896 530 3961 custodiam
544 3896 708 3962 vimutum
724 3897 828 3960 animi
848 3896 999 3978 corporis
1013 3894 1152 3958 infirmi-

387 4209 407 4239 ²⁵
424 4209 589 4274 Pestilentia]
609 4211 658 4261 See
670 4211 706 4262 H.
721 4211 753 4261 E.
767 4212 802 4262 iv.
814 4215 839 4274 7,
854 4213 893 4274 14,
905 4214 956 4259 etc.
