2850 4890
81 541 264 636 Mamertus.

86 650 161 700 4671.
197 653 255 698 720.

84 832 158 879 4680.
194 833 252 882 729.

278 348 343 414 204
474 363 560 410 vna.
580 363 687 410 annm
705 361 942 423 cnaourcorr,
958 362 1042 410 srvn

279 521 434 585 ecclesiae
459 519 571 584 sancti
590 518 687 583 Petri
708 517 929 592 Pandectem,
947 536 969 581 a
987 518 1091 581 beato
1111 515 1233 579 Hiero-

280 641 383 705 nymo
410 622 446 685 in
471 621 634 684 Latinum
659 639 704 683 ex
730 619 881 683 Hebraeo
910 619 965 685 vel
990 616 1115 682 Graeco
1141 617 1233 682 fonte

281 723 495 797 translatum.

322 823 394 886 Leo
410 823 508 887 annis
525 838 579 885 1x.
624 821 789 886 Saraceni
803 841 881 886 cum
898 821 1064 885 immenso
1081 820 1234 884 exercitu

279 921 612 1006 Constantinopolim
629 923 805 987 venientes
826 922 972 987 triennio
986 921 1163 986 civitatem
1177 921 1236 985 ob
1257 939 1271 981 r

279 1023 402 1101 sidant,
431 1025 540 1088 donec
569 1023 702 1087 civibus
727 1023 835 1087 multa
859 1022 1027 1087 instantia
1052 1022 1098 1086 ad
1122 1021 1235 1085 Deum

279 1125 520 1199 clamantibus,
545 1123 681 1206 plurimi
706 1142 822 1187 eorum
845 1123 946 1200 fame,
971 1121 1106 1205 frigore,
1128 1120 1235 1204 pesti·

277 1226 385 1290 lentia
405 1227 564 1307 perirent,
580 1243 620 1287 ac
640 1223 691 1287 sic
711 1224 849 1305 pertaesi
868 1222 1058 1287 obsidionis
1073 1221 1235 1285 abscede-

277 1335 371 1407 rent3
394 1326 453 1409 qui
473 1324 552 1389 inde
575 1324 720 1404 regressi
740 1322 969 1405 Vulgarorum
989 1330 1138 1405 gentem,
1156 1341 1234 1406 quae

278 1435 459 1509 estsuper
485 1424 693 1501 Danubium,
716 1423 807 1487 bello
832 1422 1094 1506 aggrediuntur3
1129 1431 1164 1487 et
1191 1425 1234 1489 ab
1246 1441 1272 1485 ιο

275 1527 342 1590 hac
358 1546 494 1610 quoque
508 1527 591 1591 victi
605 1525 774 1606 refugiunt
790 1545 831 1589 ac
845 1545 952 1591 naves
966 1531 1128 1607 repetunt
1141 1543 1234 1588 suas.

280 1626 415 1705 Quibus
431 1647 508 1690 cum
522 1626 628 1690 altum
643 1633 809 1708 peterent,
823 1627 1000 1707 ingruente
1015 1625 1133 1689 subita
1150 1632 1235 1690 tem-

278 1735 425 1812 pestate,
448 1727 587 1810 plurimi
610 1728 715 1791 etiam
738 1730 851 1803 mersi,
875 1728 948 1792 sive
971 1727 1156 1791 confractis
1177 1747 1237 1810 per

278 1829 395 1893 littora
409 1829 567 1905 navibus,
579 1836 659 1892 sunt
670 1828 794 1891 necati.
821 1826 1077 1891 Liuthbrandus
1090 1827 1235 1891 audiens

278 1930 369 2013 quod
399 1929 573 2006 Saraceni,
601 1929 812 2011 depopulata
834 1929 1004 2005 Sardinia,
1028 1929 1135 1992 etiam
1157 1929 1236 1993 loca
1246 1949 1273 1991 1⁵

277 2028 448 2093 foedarent
469 2029 541 2105 illa,
560 2029 620 2093 ubi
640 2048 722 2093 ossa
744 2029 856 2093 sancti
876 2027 1062 2111 Augustini
1080 2030 1237 2113 episcopi

278 2137 416 2213 propter
438 2131 668 2195 vastationem
694 2130 925 2195 Barbarorum
953 2131 1034 2194 olim
1064 2131 1236 2195 translata

278 2239 314 2295 et
328 2231 510 2295 honorifice
525 2231 660 2296 fuerant
680 2233 830 2310 condita,
843 2233 937 2295 misit
950 2240 996 2309 et,
1011 2232 1094 2296 dato
1110 2251 1235 2314 magno

278 2333 404 2415 precio,
425 2334 570 2416 accepit,
589 2341 624 2397 et
643 2333 819 2397 transtulit
840 2353 882 2396 ea
900 2334 935 2396 in
956 2333 1099 2410 Ticinis,
1119 2333 1236 2417 ibique

278 2453 356 2496 cum
371 2432 487 2496 debito
502 2441 600 2498 tanto
615 2433 707 2516 patri
722 2435 848 2497 honore
862 2433 1062 2498 recondidit.
1246 2456 1273 2500 aa

417 2737 675 2845 RELIQUIAE
693 2739 869 2804 SEXTAE
891 2741 1092 2807 AETATIS.

212 2996 217 3009 .
280 2942 374 3005 an
397 2943 438 3005 de
460 2961 563 3005 cursu
584 2942 747 3024 praeteriti
765 2942 873 3006 seculi
890 2963 935 3007 ex
951 2943 1130 3009 Hebraica
1150 2946 1234 3009 veri-

280 3050 362 3120 tate,
371 3051 472 3125 prout
480 3044 665 3126 potuimus,
674 3043 873 3108 elucubrare
883 3045 1088 3122 curavimus,
1097 3065 1234 3129 aequum

278 3144 346 3206 rati
361 3151 410 3220 ut,
425 3144 514 3206 sicut
530 3142 643 3207 Graeci
658 3142 886 3227 Septuaginta
904 3146 1149 3210 translatorum
1164 3149 1234 3212 edi·

279 3244 371 3306 tione
391 3250 539 3321 utentes,
558 3243 600 3306 de
620 3264 662 3308 ea
682 3244 747 3307 sibi
767 3245 907 3327 suisque
923 3253 1114 3328 temporum
1127 3247 1234 3312 libros
1245 3266 1271 3310 aa

280 3344 471 3421 condidere,
499 3344 550 3408 ita
579 3353 614 3408 et
642 3363 717 3423 noe,
746 3347 805 3427 qui
835 3347 1013 3427 perbeati
1038 3348 1235 3431 interpretis

280 3444 483 3527 Hieronymi
510 3444 712 3509 industriam
743 3464 829 3528 puro
858 3445 1044 3512 Hebraicae
1079 3449 1234 3513 veritatis

279 3547 372 3608 sonte
396 3551 565 3627 potamur,
585 3552 775 3626 temporum
794 3565 930 3629 quoque
948 3547 1115 3612 rationem
1128 3549 1235 3632 juxta

279 3646 368 3709 hanc
391 3648 477 3709 scire
500 3665 677 3727 queamus.
721 3645 824 3724 Quod
845 3649 875 3711 si
894 3649 953 3730 qui
972 3648 1124 3712 laborem
1144 3650 1234 3714 hunc

279 3753 434 3810 nostrum
449 3747 663 3829 culpaverint
677 3766 752 3810 esse
767 3748 988 3829 superfluum,
1000 3749 1176 3831 accipiant
1188 3753 1233 3829 hi,
1244 3769 1270 3814 ao

280 3848 474 3929 quicunque
483 3854 573 3923 sunt,
578 3846 722 3928 justum,
731 3848 829 3911 salva
838 3849 1232 3933 charitatc,responsum,

280 3947 372 4030 quod
387 3946 552 4029 praefatus
571 3946 802 4028 Hieronymus
821 3949 943 4030 priscae
962 3956 1232 4038 cosmographiae

280 4048 584 4112 calumniatoribus
595 4047 794 4124 reddit-ut
805 4051 835 4113 si
848 4050 1018 4132 displicet,
1030 4073 1098 4116 non
1108 4055 1232 4138 legant.
