2850 4890
280 337 344 403 166
478 353 564 401 vnn.
584 353 692 402 nrnrr
709 354 948 417 ceremon,
964 353 1053 404 srvn

281 514 468 596 eademque
487 532 557 576 non
580 514 691 579 solum
710 513 945 592 hebdomadis,
966 513 1028 578 sed
1050 521 1088 578 et
1111 512 1238 577 mensis

179 674 182 678 .
280 616 347 692 die,
370 615 557 680 secundum
579 615 695 679 Adam
720 634 783 698 pro
805 615 938 697 generis
957 614 1099 680 humani
1117 615 1240 692 salute,

89 1740 164 1792 Α.Μ.
187 1739 259 1791 AM.

89 1817 161 1861 lose.
186 1816 260 1864 loto.

280 717 416 781 vivifica
437 725 544 781 morte
567 718 728 800 sopitum,
747 717 791 782 de
809 716 985 801 productis
1005 736 1025 780 e
1044 716 1155 781 latere
1178 735 1239 781 sno

282 818 512 883 Sacramentis
532 820 733 884 coelestibus
753 837 917 901 sponsam
940 818 1006 882 sibi
1024 817 1239 883 sanctificare

281 918 494 1000 Ecclesiam3
533 939 603 1003 qua
645 920 807 987 videlicet
844 920 900 985 die
934 921 1081 1004 primurn
1116 919 1273 997 Adoms

281 1029 413 1102 patrem
439 1021 598 1087 videlieet
622 1021 763 1086 humani
789 1022 932 1103 generis,
955 1022 1031 1103 ipse
1054 1027 1238 1096 creaverat,

281 1122 381 1204 eique
394 1122 437 1187 de
451 1123 558 1187 latere
573 1131 706 1188 eostam
721 1122 846 1187 tollens
858 1121 1043 1186 aedificovit
1056 1121 1238 1199 mulierem,

282 1223 380 1307 cujus
397 1224 567 1307 adjutorio
583 1243 689 1305 genus
704 1229 912 1307 propagaret
925 1220 1123 1288 humanum.
1298 1228 1301 1236 '

561 1485 958 1592 sncnnnl'rnrrs.

280 1732 467 1796 Sneunnn
487 1730 595 1795 seculi
612 1737 728 1807 aetate,
750 1729 861 1811 prima
878 1727 981 1811 hujus
1003 1726 1070 1805 die,
1089 1747 1170 1810 quae
1187 1734 1239 1792 est
1247 1745 1274 1789 ro

279 1834 443 1898 vicesima
475 1833 623 1914 septima
648 1831 778 1896 mensis
812 1831 965 1908 secundi,
994 1848 1154 1911 egressus
1187 1836 1238 1893 est

281 1934 359 1998 Noe
387 1933 429 1996 de
455 1952 545 2012 area,
569 1934 605 1997 in
631 1953 701 2017 qua
722 1934 837 2017 pauci,
859 1933 895 1996 id
920 1939 984 2011 est,
1008 1939 1089 1996 octo
1112 1930 1235 1996 animae

280 2036 387 2100 salvae
402 2035 504 2100 fectae
519 2043 600 2099 sunt
611 2054 671 2118 per
682 2053 818 2117 aquam.
854 2033 957 2113 Quod
969 2051 1237 2098 commemorans

280 2143 316 2205 in
328 2140 486 2224 Epistola
500 2142 622 2205 beatus
636 2141 815 2223 apostolus
827 2139 952 2205 Petrus
965 2137 1106 2202 mirifice
1120 2139 1238 2202 stetim

281 2261 453 2325 exponere
479 2243 623 2320 curavit,
652 2261 730 2307 oum
759 2240 950 2324 subjunxit,
977 2238 1081 2318 Quod
1111 2247 1147 2303 et
1177 2257 1274 2302 nosrs
1308 2317 1310 2321 y

281 2363 372 2407 nunc
399 2342 521 2407 similis
549 2343 666 2407 formae
701 2343 818 2407 salvos
848 2340 931 2407 feeit
956 2341 1143 2424 baptismo,
1170 2361 1238 2404 non

281 2446 393 2509 carnis
422 2444 593 2528 depositio
621 2445 784 2522 sordium,
810 2444 870 2509 sed
896 2443 1117 2509 eonscientiae
1137 2444 1237 2508 bonae

281 2548 500 2629 interrogatio
532 2547 568 2609 in
599 2545 721 2624 Deum,
748 2565 810 2628 per
842 2545 1123 2609 resurrectionem
1152 2543 1238 2609 Jesn

282 2647 421 2726 Christi,
443 2649 503 2731 qui
522 2657 577 2713 est
598 2649 634 2711 in
658 2648 783 2713 dextra
808 2648 887 2712 Dei.
933 2647 974 2712 In
998 2667 1090 2729 aqua
1115 2646 1236 2712 diluvii

280 2750 500 2832 baptismum,
524 2750 559 2812 in
585 2770 666 2814 arca
691 2761 726 2814 et
747 2751 791 2814 iis
813 2770 892 2834 quae
913 2749 1113 2814 continebat
1130 2749 1275 2813 eccle-no

281 2857 369 2920 siam
378 2865 413 2920 et
421 2856 537 2920 fideles
548 2857 651 2934 illius,
662 2856 697 2919 in
709 2855 886 2921 octonario
898 2855 1086 2920 animarum
1098 2873 1239 2919 numero

280 2959 478 3041 mysterium
499 2957 689 3021 Dominicae
711 2957 977 3034 resurrectionis,
996 2957 1033 3019 in
1052 2955 1152 3039 cujus
1173 2956 1238 3021 fide

280 3058 502 3141 baptizemur,
518 3059 645 3124 doeens
659 3078 736 3123 esse
750 3060 939 3141 figuratum.

325 3350 510 3423 ‘HumanumJ
546 3357 572 3405 lt
600 3357 647 3406 has
675 3358 739 3406 been
776 3356 820 3406 the
837 3356 921 3419 Sixto,
933 3357 1051 3418 omitting
1068 3357 1111 3406 the
1125 3359 1237 3420 pertico-

280 3426 431 3475 eonsidered
450 3427 588 3486 expedient
608 3431 634 3476 to
658 3429 741 3476 retain
776 3427 922 3477 larswhich
931 3427 1018 3476 follow
1029 3429 1055 3476 in
1063 3427 1106 3476 the
1116 3428 1236 3491 original.

280 3497 341 3558 only
359 3494 402 3545 the
415 3497 519 3556 general
532 3497 629 3545 outline
647 3498 676 3546 of
689 3498 740 3546 this
813 3494 831 3526 ¹⁴
848 3492 978 3567 Epirote]
1009 3501 1022 3546 l
1041 3498 1126 3562 Epist.
1137 3501 1163 3552 S.
1178 3502 1236 3550 Pet.

249 3625 251 3629 y
281 3568 332 3616 and
352 3567 395 3616 the
412 3566 548 3628 following
569 3581 631 3629 eges
655 3583 691 3630 up
714 3573 740 3616 to
776 3569 815 3619 iii.
828 3572 869 3617 21.
