2850 4890
203 346 269 409 254
578 353 788 402 ΔΡΡΕΝΒΙΧ.

205 510 235 567 in
250 507 372 587 capitio,
392 525 452 585 quo
470 513 560 584 caput
573 505 691 582 tegitur,
708 505 914 565 verisimilibus
926 503 1163 566 demonstrantur

206 592 430 653 assertionibus.
472 588 554 649 Illud
568 609 638 649 vero
652 590 770 659 tunicae,
787 590 868 670 quod
883 591 1013 651 brachiis
1027 591 1161 650 extendi-

206 688 264 747 tur,
279 678 342 737 alas
353 676 428 736 duas
439 695 507 734 esse
518 675 659 734 dicimus:
682 684 713 734 et
723 674 795 733 illud
805 674 936 747 tandem,
951 696 1012 756 quo
1027 676 1162 736 conditur

205 783 324 841 corpus,
339 781 392 821 sex
407 761 519 820 alarum
534 779 683 820 numerum
698 760 860 819 certissime
873 761 996 841 implere
1010 762 1160 821 asseritur.

207 847 404 906 Decertantes
428 846 515 924 igitur
543 845 724 904 monachicae
749 845 939 925 professionis
973 848 1160 926 presbyteros
1184 862 1197 904 s

207 932 400 991 sacerdotalis
425 930 564 1010 potentiae
586 950 686 990 arcere
707 928 814 1001 officio,
834 930 1005 990 omnimodo
1026 932 1159 1012 praecipi·

205 1037 282 1085 mus,
299 1025 330 1076 ut
351 1018 389 1075 ab
408 1014 613 1094 hujuscemodi
630 1014 763 1074 nefandis
783 1015 904 1075 ausibus
921 1016 1115 1095 reprimantur
1132 1017 1160 1074 in

205 1110 366 1180 posterum,
381 1101 452 1181 quia
465 1109 576 1179 quanto
591 1100 718 1179 quisque
733 1101 850 1171 celsior,
862 1108 944 1161 tauto
960 1103 1119 1181 potentior.

206 1354 275 1414 Ec¹
292 1355 415 1414 concilio
432 1357 528 1413 sancti
544 1351 702 1434 Bonifocii
711 1374 811 1432 popoe,
829 1356 881 1432 qui
897 1366 1020 1431 quartus
1040 1377 1060 1414 n
1078 1357 1160 1416 beato

253 1440 395 1518 Gregorio
395 1437 473 1520 ficit.
512 1440 600 1507 Quod
610 1441 700 1498 liccat
709 1441 857 1499 monnellus
867 1440 918 1499 ubi
930 1442 983 1500 ubi
992 1461 1060 1500 cum
1069 1462 1159 1501 moer·
1170 1457 1200 1501 lt

249 1528 343 1584 dotali
356 1527 452 1605 ‹ffcc'o
465 1525 617 1582 celebrare.

207 1693 305 1754 SUNT
326 1693 456 1753 nonnulli
474 1693 557 1753 stulti
578 1691 737 1770 dogmatis,
757 1694 851 1771 magis
869 1695 934 1754 zelo
959 1696 1161 1757 amaritudinis

207 1798 297 1858 qnam
318 1779 484 1838 dilectionis
506 1777 687 1845 inflammati,
709 1788 875 1838 asserentes
895 1782 1072 1852 monachos,
1092 1785 1162 1862 quia

206 1864 317 1922 mundo
331 1865 436 1922 mortui
457 1871 573 1922 suntet
591 1862 660 1921 Deo
674 1863 786 1932 vivunt,
802 1863 978 1924 sacerdotali
997 1865 1099 1927 officio
1119 1869 1161 1927 in·

207 1947 323 2026 dignos,
337 1969 432 2027 neque
445 1947 655 2027 poenitentiam,
670 1956 721 2006 aut
732 1947 996 2019 christianitatem,
1007 1971 1063 2010 seu
1074 1953 1199 2012 abso-15

206 2033 347 2092 lutionem
369 2034 467 2111 largiri
488 2053 578 2111 posse
600 2052 652 2112 per
674 2033 867 2093 sacerdotalis
889 2035 979 2094 officii
999 2036 1161 2114 injunctam

207 2119 343 2195 gratiam3
360 2118 537 2177 sedomnino
547 2118 695 2178 falluntur.
711 2117 795 2176 Nam
804 2120 828 2178 si
835 2139 874 2178 ex
881 2120 939 2179 bac
946 2129 1161 2182 causaveterss

207 2204 304 2262 aemuli
317 2223 389 2263 vera
402 2203 607 2283 praedicarent,
626 2203 800 2282 apostolicae
816 2201 897 2264 sedis
918 2225 1040 2285 compar
1055 2208 1161 2268 beatus

207 2289 370 2366 Gregorius
391 2289 564 2348 monachico
583 2289 697 2367 pollens
718 2288 811 2357 cultu,
826 2289 865 2348 ad
883 2310 1027 2349 summum
1047 2293 1162 2371 apicem

207 2374 373 2433 nullatenus
389 2373 612 2442 conscenderet,
628 2373 676 2432 cui
692 2373 826 2432 solvendi
842 2374 1013 2455 ligandique
1025 2385 1161 2456 potestas
1172 2391 1201 2438 2⁰

207 2479 353 2518 concessa
377 2469 432 2517 est.
474 2458 662 2536 Augustinus
685 2478 803 2537 quoque
824 2459 958 2535 ejusdem
983 2462 1162 2522 sanctissimi

207 2543 341 2621 Gregorii
371 2543 534 2621 discipulus
558 2542 726 2620 Anglorum
753 2543 931 2621 praedicator
956 2547 1106 2623 egregius,
1133 2557 1163 2608 et

207 2628 424 2688 Pannoniensis
444 2628 602 2697 Martinus,
617 2627 724 2705 aliique
743 2628 947 2706 quamplurimi
962 2630 1016 2688 viri
1036 2632 1161 2692 sanctis-

207 2713 273 2771 simi
293 2713 512 2794 preciosissimo
533 2713 742 2772 monachorum
762 2713 864 2772 habitu
885 2713 1032 2792 fulgentes
1051 2733 1162 2796 nequa·

206 2817 296 2874 quam
323 2798 431 2857 annulo
457 2795 619 2876 pontificali
646 2798 895 2857 subarrharentur.
944 2798 1057 2879 Neque
1086 2803 1200 2861 enimus

206 2882 389 2941 Benedictus
404 2882 613 2941 monachorum
628 2889 791 2961 praeceptor
801 2883 888 2960 hujus
902 2883 942 2941 rei
957 2885 1058 2964 aliquo
1072 2887 1162 2946 modo

206 2967 262 3026 fuit
282 2966 462 3036 interdictor,
476 2964 531 3026 sed
545 2986 599 3026 eos
619 2967 793 3026 secularium
810 2968 992 3044 negotiorum
1011 2969 1088 3029 dixit
1109 2991 1161 3030 ex·

206 3061 304 3130 pertes
319 3073 386 3112 esse
398 3051 524 3110 debere:
546 3049 626 3131 qnod
646 3051 764 3130 quidem
777 3051 949 3131 apostolicis
962 3052 1161 3126 documentis,

207 3145 238 3195 et
256 3146 424 3197 sanctorum
443 3145 556 3216 patrum
574 3137 725 3206 institutis,
739 3157 797 3195 non
814 3138 909 3196 solum
929 3139 1085 3199 monacbis
1099 3143 1161 3201 uni-

206 3221 311 3290 versis,
339 3241 441 3281 verum
473 3222 561 3280 etiam
591 3221 752 3290 canonicis,
778 3241 962 3300 summopere
990 3223 1160 3304 imperatur.
1171 3239 1200 3284 tu

209 3305 351 3383 Utrisque
365 3307 441 3363 enim
455 3307 676 3385 perspicacibus
692 3313 859 3364 sanctorum
872 3316 987 3386 patrum
1004 3312 1161 3389 exemplis,

208 3399 241 3449 ut
251 3389 361 3448 mundo
372 3391 476 3448 mortui
487 3391 554 3460 sint,
567 3391 741 3470 praecipitur.
769 3390 924 3450 Credimus
935 3392 1023 3470 igitur
1033 3414 1051 3452 a
1062 3413 1162 3455 sacer·

207 3474 327 3533 dotibus
342 3475 491 3534 monachis
505 3476 615 3552 ligandi
626 3476 820 3555 solvendique
831 3475 958 3536 officium
968 3476 1057 3555 digne
1068 3480 1162 3541 admi·

206 3560 331 3629 nistrari,
346 3561 371 3618 si
390 3569 487 3619 tamen
508 3560 595 3638 digne
610 3562 763 3639 contigerit
776 3581 828 3618 eos
844 3562 899 3620 boc
914 3562 1074 3622 ministerio
1092 3566 1161 3624 snb-

206 3644 309 3703 limari.
333 3644 424 3710 Quod
439 3644 587 3704 evidenter
602 3646 726 3704 affirmat
736 3647 869 3725 quisquis
881 3654 988 3705 statum
1001 3651 1161 3709 monacho·
1172 3664 1200 3707 ³5

205 3749 270 3787 rum
286 3737 316 3788 et
329 3729 461 3787 habitum
473 3729 649 3789 considerat.
691 3730 828 3807 Angelus
840 3731 916 3788 enim
926 3731 1045 3802 Graece,
1058 3734 1161 3794 Latine

206 3816 330 3873 nuncius
341 3814 455 3873 dicitur.
485 3813 664 3874 Sacerdotes
675 3816 904 3892 igiturmonacbi
913 3823 1001 3893 atque
1012 3820 1161 3889 canonici,

235 4075 241 4102 ¹
262 4076 315 4125 The
327 4078 422 4126 second
435 4092 500 4138 copy
513 4075 541 4124 of
550 4077 593 4125 the
607 4077 706 4126 Decree
719 4077 747 4125 of
758 4079 830 4138 Pope
844 4079 967 4128 Boniface
980 4080 1023 4129 the
1037 4083 1145 4132 Fourth.
