2850 4890
242 311 308 378 168
424 331 513 378 vnn.
531 331 1002 396 nnnmcuaorrrcorr,s1vn

114 511 176 553 rino
246 508 336 553 anno
351 489 464 569 tertio,
478 491 523 555 ah
541 490 634 556 Urbe
653 499 768 557 autem
789 492 929 558 condita
947 511 1039 557 anno
1061 506 1203 568 nccnrr,

45 564 128 668 ξξῗὲ
141 564 226 669 ⁰b{¹‚'¹¹'
245 591 280 655 id
309 598 374 670 est,
401 610 443 655 eo
471 611 574 670 anno,
598 612 668 675 quo
693 594 899 676 compressis
922 601 1125 658 cunctarum
1147 610 1206 675 per

246 692 361 756 orbem
375 700 473 757 terrae
484 693 635 774 gentium
652 694 814 771 motibus,
826 695 1056 758 firmissimam
1067 692 1206 759 verissi-

247 814 405 876 mamque
419 814 541 878 pacem
556 796 769 860 0rdinati0ne
784 795 851 860 Dei
866 795 986 860 Caesar
1001 796 1205 879 composuit,

249 895 272 960 J
275 915 354 961 esus
376 896 544 975 Christus,
563 897 674 963 Filius
689 896 767 975 Dei,
783 905 921 962 sextam
939 897 1058 961 mnndi
1073 904 1210 962 aetatem
1233 916 1245 959 ε

247 1017 310 1062 suo
333 999 547 1062 consecravit
570 998 730 1063 adventu.
774 999 877 1063 Anno
898 999 1033 1082 imperii
1059 997 1206 1081 Augusti

248 1116 361 1164 xnvrr
385 1099 542 1164 Herodes
563 1101 678 1164 morbo
698 1101 877 1164 intercutis
893 1119 1006 1182 aquae,
1020 1109 1056 1165 et
1071 1109 1207 1166 scaten-

246 1203 337 1266 tibus
352 1208 426 1266 toto
441 1219 582 1284 corpore
597 1201 782 1280 vermibus,
796 1202 1036 1267 miserabiliter
1053 1209 1090 1267 et
1106 1201 1205 1284 digne

246 1303 557 1384 moritur,pr011u0
571 1302 781 1368 substitutus
797 1305 840 1367 ab
852 1303 1012 1385 Augusto
1025 1302 1119 1368 filius
1134 1303 1207 1387 ejus

247 1405 449 1480 Archelaus,
464 1405 620 1486 regnavit
637 1405 738 1469 annis
759 1425 892 1484 novem,
906 1405 942 1469 id
957 1413 1021 1484 est,
1037 1425 1149 1488 usque
1164 1405 1205 1469 ad
1217 1423 1243 1467 ro

246 1507 358 1590 ipsius
375 1506 525 1588 Augusti
545 1494 657 1570 finem.
701 1506 800 1570 Tunc
820 1507 909 1570 enim
930 1525 999 1570 non
1018 1506 1206 1571 ferentibus

248 1609 349 1685 ultra,
358 1608 417 1672 sed
429 1608 671 1688 accusantibus
684 1606 776 1688 apud
788 1607 983 1689 Augustum
994 1607 1208 1673 ferocitatem

248 1709 322 1793 ejus
337 1708 360 1773 J
362 1710 482 1785 udaeis,
498 1709 533 1772 in
550 1707 721 1772 Viennam
741 1708 859 1771 urbem
880 1707 1007 1774 Galliae
1025 1709 1207 1791 relegatur,

248 1818 285 1875 et
310 1810 355 1875 ad
374 1811 590 1875 minuendam
612 1808 754 1874 Judaici
775 1810 869 1892 regni
893 1810 1096 1892 potentiam,
1115 1810 1207 1874 inso

247 1910 458 1993 lentiamque
474 1910 687 1989 domandam,
702 1918 849 1993 quatuor
861 1910 982 1975 fratres
998 1910 1074 1994 ejus
1088 1930 1152 1993 pro
1167 1931 1206 1976 eo
1218 1929 1245 1974 1⁵

249 2020 329 2075 sunt
348 2012 528 2077 tetrarchae
547 2012 665 2092 creati,
679 2010 849 2089 Herodes,
870 2009 1065 2095 Antipater,
1083 2011 1207 2096 Lysias

248 2120 284 2178 et
301 2113 502 2197 Philippus3
524 2134 667 2196 quorum
688 2113 882 2196 Philippus,
903 2121 939 2178 et
959 2113 1130 2191 Herodes,
1149 2115 1208 2198 qui

248 2215 398 2298 Antipas
413 2216 507 2298 prius
522 2217 797 2298 nuncupabatur,
811 2217 915 2280 etiam
930 2215 1067 2280 vivente
1082 2214 1210 2280 Arche·

247 2318 316 2395 iae,
331 2316 508 2382 tetrarchae
523 2317 660 2382 fuerant
674 2317 836 2381 ordinati.

291 2419 636 2501 Tiberiusprivignus
647 2416 808 2500 Augusti,
817 2416 882 2481 hoc
893 2424 957 2496 est,
968 2416 1078 2482 Liviae
1089 2419 1248 2483 uxorisne

249 2520 324 2605 ejus
343 2520 445 2598 filius,
464 2539 509 2584 ex
528 2521 701 2602 superiore
725 2520 859 2602 genitus
879 2518 1035 2603 conjuge,
1056 2521 1211 2602 regnavit

250 2622 350 2686 aunis
383 2637 505 2685 xxiii.
555 2621 672 2704 Hujus
708 2640 798 2685 anno
827 2619 1040 2698 duodecimo,
1073 2620 1210 2686 Pilatus

249 2722 272 2787 J
275 2723 384 2789 udaeae
407 2730 608 2807 procurator
628 2723 673 2787 ab
695 2723 815 2786 eodem
835 2722 996 2806 dirigitur.
1051 2721 1211 2789 Herodes

250 2823 432 2901 tetrarcha,
451 2826 511 2909 qui
530 2823 553 2888 J
556 2824 728 2889 udaeorum
745 2823 978 2907 principatum
995 2831 1091 2889 tenet
1109 2827 1210 2891 annis

252 2943 367 3004 ΠΝ,
391 2928 427 2991 in
450 2926 612 2991 honorem
636 2925 767 2989 Tiberii
789 2933 825 2989 et
846 2926 967 2990 matris
989 2926 1065 3010 ejus
1089 2926 1248 3005 Liviam

249 3029 468 3095 Tiberiadem
482 3027 636 3093 condidit
650 3035 685 3091 et
700 3025 888 3091 Libiadem.

60 3149 133 3194 soar.
172 3148 213 3193 ao.
293 3130 395 3196 Anno
417 3130 689 3215 quintodecimo
715 3128 848 3211 imperii
873 3127 1014 3203 Tiberii,
1041 3126 1211 3194 Dominus

252 3239 333 3315 post
347 3234 567 3314 baptismum,
582 3231 675 3315 quod
689 3230 890 3313 praedicavit
903 3228 926 3293 J
929 3249 1070 3308 oannes,
1084 3232 1211 3295 mundo

250 3352 390 3415 regnum
414 3333 576 3396 coelorum
604 3333 803 3410 annunciat,
826 3332 976 3414 peractis
999 3350 1021 3394 a
1042 3332 1210 3416 principio

251 3433 369 3497 mundi
392 3433 578 3497 secundum
598 3435 767 3499 Hebraeos
792 3435 902 3511 annis,
923 3440 962 3497 ut
982 3432 1154 3498 Eusebius
1174 3436 1209 3498 in
1221 3454 1250 3499 ac

253 3534 429 3599 chronicis
445 3534 519 3596 suis
535 3535 659 3616 signat,
672 3553 710 3598 iv
726 3535 889 3611 millibus,
905 3534 1102 3598 adnotando
1118 3537 1211 3620 quod

253 3646 353 3700 sexto
365 3635 497 3700 decimo
509 3635 636 3699 Tiberii
652 3655 743 3700 anno
758 3636 960 3719 principium
976 3635 1077 3699 fuerit
1091 3646 1210 3701 octua-

254 3737 372 3820 gesimi
392 3737 490 3818 primi
510 3734 650 3812 Juhilei,
665 3737 853 3800 secundum
869 3737 1049 3800 Hebraeos·
1094 3736 1210 3816 Quare

254 3846 368 3902 autem
383 3847 501 3900 nostra
516 3839 716 3919 supputatio
731 3837 942 3919 undeviginti
956 3837 1068 3900 minus
1083 3857 1212 3919 ponen-

255 3938 317 4002 dos
339 3938 562 4002 aestimaverit
584 3956 693 4001 annos
712 3937 814 4002 facile
835 3938 894 4019 qui
913 3939 1091 4019 superiora
1104 3938 1212 4005 libelli
1223 3961 1253 4005 aa

255 4039 356 4123 hujus
364 4041 495 4122 legerit,
504 4038 664 4104 inveniet.
687 4036 799 4102 Juxta
809 4058 889 4103 vero
902 4037 1070 4103 Chronica
1082 4040 1212 4121 eadem,
