2850 4890
254 347 298 412 96
542 361 631 409 vrrs
649 363 677 410 s.
695 362 926 423 cununacrr,

85 541 227 591 anum,
256 544 401 590 ascensa
429 546 506 590 cum
537 527 714 591 Fratribus
742 527 834 605 navi,
861 526 956 592 venit
979 525 1023 590 ad
1048 525 1211 603 insulam,

256 647 335 709 quae
351 627 506 709 Coquedi
526 627 674 692 fluminis
695 628 784 692 ostio
803 627 1003 712 praejacens,
1024 627 1069 690 ab
1089 626 1211 690 eodem

257 729 392 810 accepit
412 747 609 810 cognomen,
632 737 668 792 et
694 729 773 811 ipsa
798 728 1040 792 monachorum
1062 727 1236 790 coetibus·

256 829 411 911 insignis.
456 827 546 893 Nam
576 829 721 912 praesata
748 829 926 893 abbatissa
952 829 1012 892 illo
1040 847 1120 892 enm
1144 827 1212 891 sibi

257 949 430 993 occanere
458 930 619 1011 rogabat3
647 928 746 1011 cujus
777 930 889 1011 potita
917 929 1110 1011 colloquiis,
1130 947 1210 993 cnm
1237 947 1251 990 t

258 1031 367 1095 multa
398 1031 442 1094 ab
475 1049 517 1094 eo
551 1049 629 1112 quae
664 1030 905 1094 sciscitabatur
937 1030 1082 1108 audiret,
1119 1048 1211 1108 ecce,

257 1139 397 1214 repente
416 1132 452 1194 in
470 1131 582 1194 medio
602 1151 758 1195 sermone
778 1131 941 1196 advoluta
962 1131 1107 1215 pedibus
1125 1131 1212 1213 ejus,

259 1232 430 1316 adjuravit
443 1253 519 1296 eum
533 1251 595 1314 per
608 1252 732 1296 nomen
746 1233 830 1296 illud
849 1232 998 1296 terribile
1014 1252 1055 1296 ac
1069 1251 1211 1297 venera-

258 1335 326 1398 bile
351 1334 491 1417 superni
513 1332 620 1415 Regis
642 1341 678 1396 et
700 1333 896 1415 augelorum
916 1332 1001 1415 ejus,
1024 1340 1064 1396 ut
1084 1333 1212 1398 diceret

258 1435 309 1498 illi
330 1453 432 1517 quam
452 1434 553 1516 longo
574 1442 726 1514 tempore
745 1433 899 1498 victurus
919 1440 1012 1498 esset
1031 1431 1253 1516 Ecgt'ridusro

258 1535 364 1600 srater
382 1536 486 1614 illius,
511 1542 547 1600 et
570 1554 709 1618 regnum
734 1536 981 1616 gubernaturus
1004 1534 1211 1617 Anglorum3

258 1637 361 1701 ‘Scio
385 1637 495 1714 enim,’
519 1637 642 1719 inquit,
661 1643 670 1672 ‘
686 1637 769 1718 quia
792 1635 979 1718 prophetiae
1000 1636 1123 1718 spiritu
1143 1655 1212 1719 quo

259 1737 426 1815 abundas,
452 1739 555 1801 etiam
572 1737 637 1800 hoc
657 1736 768 1801 dicere
786 1743 897 1818 potes,
917 1737 948 1800 si
966 1735 1042 1800 vis’
1085 1735 1136 1801 At
1155 1737 1213 1802 ille

259 1857 435 1922 expavens
449 1837 493 1902 ad
503 1837 744 1920 juramentum,
758 1855 822 1901 uec
837 1845 951 1901 tamen
965 1845 1084 1918 aperte
1094 1837 1213 1903 volens

259 1939 351 2023 quod
363 1941 544 2020 petebatur
552 1938 703 2003 revelare
716 1945 894 2015 secretum,
909 1936 1077 2016 ‘Mirum,'
1091 1938 1214 2022 inquit,
1224 1957 1253 2001 rs

260 2050 269 2076 ⁴
285 2060 390 2125 quare
404 2040 543 2124 sapiens
558 2038 685 2104 femina
700 2050 734 2104 et
751 2041 786 2103 in
806 2041 936 2104 sanctis
953 2040 1086 2104 erudita
1100 2041 1213 2124 Scrip-

260 2143 357 2220 turis,
379 2142 482 2224 longa
504 2159 628 2206 vocare
653 2140 740 2205 velis
765 2148 921 2222 tempora
944 2141 1214 2219 vitaehumanae,

262 2243 396 2307 dicente
418 2241 620 2318 Psalmista,
643 2241 725 2323 quia
749 2242 829 2305 anni
850 2242 959 2306 nostri
979 2242 1070 2307 sicut
1088 2262 1215 2307 aranea

261 2344 532 2423 meditabuntur3
556 2349 591 2407 et
613 2361 691 2405 cum
713 2349 851 2406 moneat
870 2343 1044 2420 Salomon,
1064 2345 1094 2407 si
1115 2345 1213 2408 annis

260 2444 377 2509 multis
392 2445 518 2508 vixerit
532 2442 643 2520 homo,
657 2450 692 2508 et
705 2445 740 2507 in
752 2444 806 2508 his
818 2445 975 2509 omnibus
988 2445 1089 2510 laetus
1104 2445 1215 2524 suerit,
1224 2464 1256 2510 ao

261 2545 456 2609 meminisse
467 2544 568 2608 debet
581 2544 749 2608 tenebrosi
763 2546 924 2627 temporis
938 2554 973 2609 et
987 2546 1116 2610 dierum
1131 2548 1216 2611 mul-

263 2655 392 2727 torum3
427 2646 486 2728 qui
518 2665 595 2710 cum
628 2647 793 2725 venerint,
828 2646 995 2712 vanitatis
1030 2656 1216 2730 arguuntur

263 2749 458 2830 praeterita:
481 2756 611 2830 quanto
627 2748 736 2829 magis
752 2748 793 2823 is,
808 2748 863 2810 cui
882 2749 984 2811 nnius
1005 2749 1116 2812 solum
1134 2750 1216 2814 anni

263 2851 336 2912 vita
359 2857 526 2930 superest,
549 2850 645 2914 brevi
665 2848 799 2912 videtur
821 2855 972 2931 tempore
995 2850 1139 2929 vixisse,
1158 2852 1216 2915 ubi

262 2968 354 3012 mors
370 2948 542 3014 adstiterit
556 2951 590 3012 in
600 2949 752 3032 januisi'

306 3050 392 3133 tall.
416 3049 505 3113 Haec
527 3050 671 3114 audiens
691 3051 752 3116 illa
773 3051 858 3115 susis
873 3051 1023 3115 lacrimis
1044 3054 1258 3136 praesagium

263 3150 338 3214 dira
370 3149 529 3226 deflebat,
560 3157 764 3232 extersaque
793 3151 893 3230 facie,
919 3172 1037 3216 rursus
1069 3153 1217 3219 audacia

262 3250 409 3313 feminea
425 3248 596 3332 adjuravit
611 3268 672 3331 per
690 3251 907 3334 majestatem
931 3273 1073 3317 summae
1095 3254 1218 3321 divini-

263 3351 358 3428 tatis,
385 3357 424 3414 ut
452 3350 589 3427 diceret,
611 3371 712 3433 quem
739 3351 918 3417 habiturus
945 3361 1038 3418 esset
1062 3353 1219 3421 heredem

264 3451 369 3532 regni,
389 3469 465 3514 cum
487 3449 565 3513 filiis
584 3460 715 3516 careret
737 3462 773 3517 et
791 3452 962 3518 fratribus.
1008 3453 1078 3533 Qui
1098 3475 1262 3538 parumso

264 3552 381 3626 sileae,
407 3549 465 3614 ‘N
469 3550 508 3629 e,'
531 3551 654 3634 inquit,
680 3553 800 3618 ‘dicas
827 3555 909 3636 quia
932 3563 1047 3634 caret3
1080 3554 1220 3621 habebit

264 3653 353 3715 enim
376 3670 620 3730 successorem,
635 3673 737 3736 quem
756 3675 919 3736 germana
939 3662 979 3719 ut
999 3656 1111 3738 ipsum
1132 3657 1219 3740 Ecg-

306 3930 316 3959 ²
334 3929 570 3994 Coquedijiuminis]
594 3933 648 3981 The
657 3934 725 3983 river
759 3935 793 3983 its
811 3950 884 3984 name
902 3940 928 3985 to
945 3950 977 3986 an
996 3938 1081 3988 island
1102 3943 1220 4002 opposite

264 4003 364 4063 Coquet
378 4016 439 4050 runs
451 4000 562 4063 through
575 4002 618 4051 the
630 4010 722 4064 couuty
760 4004 801 4053 tho
818 4012 878 4067 spot
890 4006 974 4057 where
991 4009 1012 4057 it
1028 4009 1089 4058 falls
1107 4011 1161 4060 into
1178 4013 1221 4062 the

260 4073 291 4121 os
314 4073 557 4135 Northumberland,
577 4072 627 4122 and
653 4074 725 4134 gives
758 4089 812 4124 sea.
