2850 4890
113 508 176 548 Anno

55 557 136 597 ldnndl.
151 560 236 599 Chrlrtl.

60 615 134 664 4649.
169 617 227 665 698.

61 2119 132 2165 4652.
171 2119 226 2164 701.

249 312 314 376 200
446 328 532 375 vnn.
552 328 659 374 anun
677 324 913 386 crrnonroorr,
930 324 1014 372 srva

252 490 331 572 ipsa
345 508 482 572 quoque
497 488 701 571 Carthagine
718 489 762 552 ab
777 488 826 551 eis
841 492 946 568 capta
966 492 1002 548 et
1018 483 1204 547 destructa.

253 572 323 654 Hi‘e
336 591 449 655 beatae
466 590 636 654 memoriae
651 588 847 671 pontificem
862 586 1029 650 Romanae
1047 581 1204 647 ecclesiae

253 692 417 773 Sergium,
441 692 523 773 quia
547 691 700 755 erraticae
726 709 799 753 suae
824 687 966 770 synodo,
990 704 1095 769 quam
1118 682 1207 746 Con-

253 793 478 875 stantinopoli
487 791 624 870 fecerat,
633 791 746 855 lavere
758 797 794 854 et
804 788 1016 853 subscribere
1026 785 1207 858 noluisset,

252 894 359 956 misso
376 901 411 956 et
431 892 601 957 Zacharia
620 891 874 974 protospatario
894 908 969 966 suo,
987 887 1096 971 jussit
1119 885 1209 949 Con-
1233 901 1247 943 a

253 993 512 1076 stantinopolim
549 992 738 1073 deportari;
784 990 845 1054 sed
881 988 1049 1073 praevenit
1085 984 1208 1050 militia

254 1091 470 1156 Ravennatis
483 1092 575 1155 urbis
584 1091 841 1173 vicinarumque
850 1089 1000 1171 partium
1008 1087 1110 1171 jussa
1119 1087 1209 1169 prin·

252 1195 340 1276 cipis
362 1192 520 1269 nefanda,
541 1200 577 1257 et
596 1194 741 1257 eundem
765 1191 966 1256 Zachariam
989 1187 1208 1254 contumeliis

253 1303 288 1358 et
300 1293 432 1378 injuriis
448 1295 492 1357 ab
507 1295 589 1357 urbe
605 1293 718 1357 Roma
732 1292 867 1375 repulit.
912 1291 1009 1355 Idem
1020 1309 1115 1373 papa
1130 1289 1208 1353 Ser-

253 1395 329 1476 gius
366 1394 539 1459 ordinavit
572 1393 801 1458 venerabilem
834 1393 945 1455 virum
977 1388 1250 1465 Uilbrordum‚ro

252 1495 452 1581 cognomine
465 1494 684 1572 Clementem,
695 1494 884 1557 Fresonum
895 1493 986 1575 genti
998 1493 1210 1573 episcopum,

253 1596 289 1658 in
306 1615 376 1678 qua
392 1614 503 1677 usque
522 1596 624 1659 hodie
641 1614 702 1678 pro
720 1603 850 1660 aeterna
868 1595 981 1677 patria
998 1593 1210 1677 peregrinus,

253 1704 306 1759 est
327 1698 416 1760 enim
435 1696 477 1760 de
496 1696 667 1760 Brittania
684 1697 795 1778 gentis
817 1696 1014 1778 Anglorum,
1033 1696 1212 1757 innumera

254 1797 407 1880 quotidie
436 1797 573 1861 diabolo
602 1798 805 1861 detrimenta
832 1804 868 1861 et
898 1795 1104 1870 Christianae
1131 1792 1211 1855 fidei

254 1898 339 1961 facit
360 1906 553 1979 augmenta.
594 1897 814 1963 Justinianus
834 1898 878 1960 ob
896 1897 1034 1978 culpam
1055 1892 1208 1977 perfidiae
1222 1909 1251 1953 rs

255 1999 349 2079 regni
365 1999 474 2080 gloria
487 1999 645 2081 privatus
661 1999 760 2062 exsul
774 1998 810 2060 in
827 1998 975 2061 Pontum
992 1995 1134 2060 secedit.

298 2099 369 2162 Leo
390 2119 499 2163 annos
518 2117 574 2162 111.
617 2100 717 2182 Papa
735 2099 873 2181 Sergius
892 2100 925 2161 in
947 2096 1097 2161 sacrario
1116 2095 1211 2159 beati

256 2200 350 2264 Petri
374 2202 521 2282 apostoli
542 2220 682 2283 capsam
704 2207 910 2283 argenteam,
933 2198 1065 2282 quaein
1086 2197 1211 2278 angulo

255 2302 498 2366 obscurissimo
515 2303 707 2366 diutissime
719 2303 886 2386 jacuerat,
907 2309 942 2366 et
961 2302 997 2363 in
1015 2319 1057 2363 ea
1077 2316 1211 2363 crucem

255 2403 399 2466 diversis
416 2423 456 2467 ac
471 2405 636 2485 preciosis
650 2404 824 2485 lapidibus
839 2403 1050 2478 adornatam,
1061 2400 1212 2463 Domino
1223 2416 1253 2461 no

256 2504 439 2581 revelante,
456 2505 591 2587 reperit,
614 2504 656 2568 de
677 2524 746 2587 qua
765 2505 884 2569 tractis
906 2511 1055 2586 quatuor
1074 2501 1212 2584 patalia,

257 2604 382 2687 quihus
401 2625 540 2686 gemmae
563 2607 707 2671 inclusae
725 2615 833 2684 erant,
855 2607 947 2670 mirae
967 2603 1211 2685 magnitudinis

257 2706 449 2788 portionem
464 2707 549 2789 ligni
565 2708 733 2771 salutiferi
747 2708 926 2771 dominicae
941 2706 1053 2770 crucis
1068 2703 1213 2768 interius

256 2807 441 2888 repositam
471 2808 644 2889 inspexit3
674 2828 752 2891 quae
778 2829 822 2872 ex
847 2816 996 2890 tempore
1023 2807 1082 2870 illo
1111 2805 1212 2870 annis

256 2907 413 2971 omnibus
445 2908 481 2971 in
515 2910 659 2974 basilica
696 2910 897 2986 SalvatoriS‚
926 2929 1003 2990 quae
1036 2907 1253 2990 appellatam

258 3007 557 3087 Constantiniana,
594 3010 651 3073 die
686 3010 908 3074 exaltationis
941 3009 1015 3093 ejus
1046 3010 1090 3072 ab
1120 3009 1212 3071 omni

257 3109 432 3173 osculatur
459 3117 563 3192 atque
592 3109 753 3174 adoratur
777 3111 916 3193 populo.
959 3109 1213 3173 Reverentissi-

256 3228 332 3272 mus
348 3211 504 3273 ecclesiae
519 3209 811 3274 Lindisfamensis
826 3211 862 3273 in
878 3210 1050 3275 Brittania
1064 3230 1109 3272 ex
1129 3230 1213 3274 ana-

256 3308 388 3374 chorita
417 3311 562 3373 antistes
591 3310 832 3389 CuthberctuS‚
858 3319 965 3376 totam
995 3313 1039 3376 ab
1066 3311 1213 3374 infantia

257 3428 365 3490 usque
376 3409 419 3472 ad
431 3411 562 3473 senium
572 3412 678 3475 vitam
690 3413 931 3476 miraculorum
942 3413 1048 3494 signis
1058 3413 1212 3476 inclitam
1224 3429 1253 3474 so

256 3509 376 3588 duxit3
398 3510 495 3592 cujus
512 3510 591 3572 dum
610 3528 651 3573 xl
670 3531 779 3575 annos
794 3520 945 3577 maneret
956 3532 1081 3596 corpus
1092 3500 1214 3578 'huma-

302 3747 625 3818 woutermanno]
646 3754 719 3801 Com-
751 3755 773 3802 is
806 3756 940 3803 examined
976 3762 1003 3804 at
1037 3759 1212 3806 considerable

258 3819 343 3880 monly
356 3820 440 3868 called
454 3820 497 3868 the
511 3821 676 3884 Quini-Sext,
692 3839 721 3870 or
752 3824 839 3884 length
864 3826 896 3885 hy
930 3827 1059 3890 Basnage,
1082 3827 1154 3876 Hist.
1180 3831 1212 3876 da

257 3890 287 3936 oi
296 3890 395 3937 Trullo.
431 3889 486 3938 The
496 3906 586 3939 reason
599 3893 656 3952 why
666 3894 687 3940 it
698 3894 720 3940 is
752 3892 871 3954 l'Eglise‚
887 3911 914 3955 p.
927 3899 984 3944 564.

256 3960 341 4007 called
362 3960 505 4008 ‘erratica'
529 3962 562 4022 hy
587 3962 671 4021 Beda,
691 3977 719 4010 as
788 3960 807 3992 ¹⁰
827 3960 997 4032 Uilbrorduml
1021 3965 1056 4013 Η.
1069 3966 1099 4014 Ε.
1113 3979 1137 4018 v.
1149 3968 1213 4032 xi.§

256 4029 315 4076 well
329 4043 357 4076 as
370 4030 403 4076 its
417 4030 549 4079 character
561 4033 587 4079 in
603 4033 717 4092 general,
751 4036 808 4081 387.
