2850 4890
340 385 405 450 208
606 404 790 452 urrsroun
809 403 896 451 vuu.
916 403 1023 451 ouum

165 568 312 658 {{{{g”⁶⁶‘¹⁰·
340 563 477 628 Christo
507 565 662 642 antistes,
691 565 922 642 sanctitatem,
947 572 987 628 ut
1012 563 1155 646 gradum
1181 582 1295 627 sacro-
1355 652 1358 660 Ι

338 674 506 743 sanctum,
525 686 627 748 quem
651 666 714 729 tibi
740 665 871 730 Auctor
900 666 1067 748 graduum
1092 672 1128 728 et
1158 664 1295 746 spiritu-

338 767 444 830 alium
470 768 610 850 largitor
636 768 878 831 charismatum
902 767 1111 830 committere
1133 766 1295 848 diguatus

339 875 402 942 est,
426 875 647 931 sacrosancta
671 877 705 932 et
729 869 927 950 operatione
947 875 982 931 et
999 867 1155 931 doctriua
1176 867 1296 930 confir-

339 987 431 1031 mare
460 970 664 1033 memineris.
711 969 845 1033 Neutra
868 969 959 1032 enim
986 968 1060 1033 baec
1086 969 1195 1032 virtus
1221 969 1333 1032 sines

339 1069 447 1132 altera
461 1071 524 1133 rite
541 1078 656 1153 potest
670 1070 822 1152 impleri3
846 1069 876 1133 si
893 1078 953 1134 aut
968 1071 1009 1147 is,
1022 1070 1083 1153 qui
1097 1070 1185 1134 bene
1200 1070 1296 1148 vivit,

337 1169 482 1234 docendi
498 1170 643 1234 officium
659 1171 810 1253 negligit,
823 1178 884 1234 aut
898 1177 990 1234 recte
1005 1171 1133 1234 docens
1150 1171 1296 1235 antistes

336 1277 464 1333 rectam
501 1290 659 1334 exercere
695 1272 929 1354 operationem
967 1272 1166 1336 contemnit.
1225 1270 1295 1349 Qui

339 1378 454 1435 autern
464 1380 644 1456 utrumque
653 1373 820 1436 veraciter
829 1373 909 1454 agit,
919 1371 1072 1455 profecto
1082 1373 1163 1436 talis
1175 1393 1295 1438 servus

339 1473 524 1537 adventum
551 1474 690 1537 Domini
717 1474 771 1537 sui
800 1474 1071 1556 gratulabundus
1100 1483 1295 1558 exspectat,
1306 1494 1333 1539 ro

338 1592 480 1656 sperans
497 1595 533 1639 se
548 1576 649 1639 citius
664 1575 870 1653 auditurum,
892 1576 1012 1658 ‘Euge
1033 1596 1130 1641 serve
1150 1577 1240 1641 bone
1261 1584 1296 1642 et

338 1677 459 1755 fidelis,
474 1679 556 1761 quia
572 1699 673 1761 super
688 1698 801 1760 pauca
813 1678 911 1742 fuisti
925 1677 1047 1757 fidelis,
1061 1697 1168 1761 supra
1186 1681 1296 1743 multa

338 1784 372 1841 te
388 1780 613 1859 constituam3
636 1779 726 1841 intra
744 1779 780 1841 iu
800 1779 962 1862 gaudium
980 1779 1121 1843 Domini
1140 1780 1213 1844 tui.'
1258 1781 1294 1844 Si

338 1879 416 1960 quis
437 1899 528 1956 vero,
542 1879 631 1962 quod
654 1879 757 1956 absit,
773 1880 880 1961 gradu
900 1881 1124 1963 episcopatus
1140 1889 1295 1966 accepto,

338 1999 401 2043 nec
425 1982 576 2061 seipsum
600 1980 745 2044 amalis
772 1980 906 2044 actibus
932 1981 1019 2044 bene
1046 1981 1206 2060 vivendo,
1230 2002 1294 2047 nec
1305 2002 1332 2046 15

337 2081 510 2145 subditam
530 2081 596 2144 sibi
614 2081 749 2162 plebem
769 2081 982 2163 castigando,
997 2083 1053 2148 vel
1068 2082 1294 2162 admonendo,

339 2183 504 2264 corrigere
520 2190 635 2263 curat3
658 2183 739 2266 quid
756 2183 846 2261 huic,
860 2185 1019 2247 veniente
1035 2183 1197 2261 Domino,
1211 2183 1295 2248 hora

337 2305 407 2367 qua
424 2303 493 2347 non
515 2292 641 2368 sperat,
662 2292 860 2349 eventurum
884 2285 940 2363 sit,
963 2285 1166 2366 evangelica
1186 2287 1294 2350 maui-

337 2384 424 2448 feste
450 2388 623 2450 sententia
646 2385 810 2463 declarat,
830 2405 900 2469 qua
919 2386 1043 2449 dicitur
1068 2386 1112 2449 ad
1135 2386 1294 2450 inutilem

338 2505 483 2563 servum,
508 2487 657 2569 ‘Ejicite
681 2488 717 2550 iu
747 2487 907 2550 tenebras
937 2486 1135 2564 exteriores,
1162 2487 1212 2550 ibi
1232 2489 1333 2553 eritn

337 2586 438 2649 fletus
453 2594 489 2650 et
504 2587 629 2650 stridor
642 2585 818 2650 dentium.’

382 2687 445 2769 §3-
483 2687 575 2751 Ante
598 2688 714 2752 omnia
738 2707 822 2752 saue
844 2694 913 2752 tuae
938 2695 1068 2753 sanctae
1092 2690 1294 2771 paternitati

337 2788 477 2865 suadeo,
490 2797 529 2853 ut
549 2790 592 2852 ab
610 2787 731 2852 otiosis
747 2796 780 2852 te
797 2788 1145 2867 confabulationibus
1161 2792 1294 2856 obtrec-

336 2890 536 2966 tationibus,
556 2889 747 2972 ceterisque
770 2890 896 2971 linguae
917 2891 1091 2955 indomitae
1112 2894 1294 2974 contagiis,

336 2991 526 3073 pontificali
547 2991 713 3073 dignitate
735 3011 913 3072 coerceas3
941 2992 1066 3056 divinis
1087 3000 1204 3057 autem
1224 2995 1333 3058 elo-aa

335 3093 427 3173 quiis
463 3112 503 3156 ac
540 3093 820 3157 meditationibus
857 3093 1112 3175 Scripturarum
1139 3094 1292 3176 linguam

337 3193 438 3256 simul
469 3201 504 3257 et
531 3200 679 3257 mentem
709 3213 867 3276 occupes,
895 3201 931 3257 et
959 3194 1109 3257 maxime
1138 3193 1294 3275 legendis

335 3293 428 3356 beati
453 3294 556 3357 Pauli
580 3295 729 3376 apostoli
754 3294 921 3376 Epistolis
950 3294 993 3357 ad
1018 3293 1238 3358 Timotheum
1260 3304 1295 3360 et

335 3391 463 3469 Titum,
487 3393 546 3456 sed
573 3404 609 3457 et
632 3395 746 3458 verbis
772 3394 984 3458 sanctissimi
1002 3414 1104 3477 papae
1125 3393 1293 3478 Gregorii,

335 3494 459 3578 quibus
480 3495 522 3557 de
544 3496 618 3560 vita
643 3498 743 3560 simul
769 3504 804 3560 et
829 3497 922 3560 vitiis
949 3504 1130 3573 rectorum,
1155 3495 1231 3561 sive
1257 3497 1334 3561 inco

334 3595 420 3658 libro
436 3594 579 3676 Regulae
595 3596 798 3674 PastoraliS,
814 3616 874 3659 seu
894 3598 929 3660 iu
950 3595 1106 3659 homeliis
1122 3597 1293 3678 evangelii

335 3695 480 3758 multum
494 3696 626 3760 curiose
642 3697 814 3774 disseruit,
823 3705 862 3761 ut
877 3697 925 3760 sit
939 3716 1048 3760 sermo
1064 3703 1145 3759 tuus
1160 3717 1294 3782 semper

336 3796 515 3878 sapientiae
535 3798 607 3861 sale
627 3799 797 3876 conditus,
816 3798 1017 3861 eminentior
1041 3797 1174 3878 vulgari
1198 3798 1292 3863 locu-

603 4114 621 4144 ¹¹
640 4117 729 4178 Euge]
763 4119 800 4167 St.
813 4119 889 4170 Man.
903 4135 963 4170 xxv.
976 4123 1016 4168 23.
