2850 4890
122 562 184 603 Anno

62 613 144 654 unani.
158 612 244 653 cunno.

65 671 141 725 4501,
176 670 235 715 640.

69 1063 143 1111 4698.
178 1061 237 1109 642.

259 368 323 434 196
453 384 539 433 vnn.
560 385 666 434 annm
684 382 1022 446 canonicorumve

260 542 640 625 epistolamredarguit;
663 541 724 606 sed
733 548 769 605 et
779 541 944 618 Joannas,
953 541 1013 624 qui
1025 538 1214 604 successori

261 643 335 727 ejus
355 644 516 708 Severino
536 643 715 720 successit,
735 661 812 705 cum
837 641 948 705 adhuc
970 653 1064 706 esset
1086 641 1215 705 electus

262 746 298 808 in
322 746 571 827 pontificatum,
591 764 652 827 pro
677 746 795 809 eodem
821 743 952 826 pascha
970 743 1032 820 eis,
1057 741 1217 806 simulet

262 864 324 928 pro
340 846 529 928 Pelagiana
548 844 681 921 haeresi,
696 864 774 927 quae
790 844 881 927 apud
897 862 957 908 eos
977 842 1217 917 reviviscebat,

263 947 410 1029 scripsit.
1240 960 1254 1002 ὅ

308 1047 523 1113 Heraclonas
549 1069 626 1112 cum
652 1055 848 1113 matresua
875 1047 1029 1112 Martina
1052 1045 1155 1111 annis
1178 1059 1216 1106 11.

266 1149 374 1232 Cyrus
387 1150 617 1226 Alexandriae,
630 1150 766 1231 Sergius
778 1157 814 1212 et
825 1148 976 1232 Pyrrhus
988 1147 1109 1231 Pagiae
1124 1146 1217 1210 urbis

266 1250 1219 1334 episcopi,Acephalorumhaeresiminstaurantes,unam

265 1354 495 1436 operationem
516 1353 552 1415 in
572 1352 709 1423 Christo
728 1351 921 1417 divinitatis
936 1358 971 1414 et
985 1348 1220 1424 humanitatis,

266 1474 369 1519 unam
381 1455 593 1520 voluntatem
606 1454 847 1538 dogmatizant.
889 1452 1055 1535 Equibns
1066 1449 1220 1533 Pyrrhus
1231 1465 1259 1510 m

266 1557 309 1620 iis
322 1557 543 1638 temporibus,
556 1556 592 1620 id
608 1564 671 1633 est,
686 1556 750 1618 sub
765 1553 943 1617 Theodoro
958 1571 1062 1634 papa,
1073 1548 1221 1615 Romam

268 1658 407 1721 veniens
431 1676 476 1720 ex
498 1655 628 1734 Africa,
652 1656 743 1732 ficta,
762 1663 802 1718 ut
820 1662 902 1737 post
921 1653 1093 1736 apparuit,
1112 1651 1221 1735 poeni-

270 1760 388 1836 tentia,
403 1759 527 1823 obtulit
547 1759 657 1822 eidem
676 1777 789 1840 papae,
803 1761 973 1839 praesente
988 1761 1113 1818 cuncto
1134 1753 1223 1817 clero

269 1867 305 1923 et
318 1861 457 1942 populo,
472 1859 624 1924 libellum
640 1879 718 1922 cum
738 1877 802 1922 sua
821 1857 1081 1939 subscriptione,
1100 1855 1137 1918 in
1156 1873 1224 1937 quo

270 1961 575 2024 condemnarentur
594 1961 720 2037 omnia,
735 1980 815 2042 quae
833 1978 855 2023 a
874 1979 912 2023 se
925 1958 981 2023 vel
998 1977 1019 2021 a
1035 1956 1261 2021 decessori-1⁵

270 2062 334 2124 hus
347 2061 419 2124 suis
435 2062 564 2142 scripta
579 2061 634 2124 vel
650 2068 729 2124 acta
740 2067 820 2124 sunt
836 2059 1003 2124 adversus
1018 2057 1224 2122 catholicam

270 2161 392 2242 fidem3
415 2160 505 2224 unde
520 2168 555 2224 et
570 2162 713 2241 benigne
728 2167 910 2242 susceptus
925 2167 978 2224 est
993 2161 1037 2223 ab
1052 2179 1106 2235 eo,
1125 2160 1225 2243 quasi

271 2263 372 2343 regiae
396 2261 552 2344 pontifex
574 2263 736 2325 civitatis.
782 2262 850 2327 Sed
876 2263 959 2346 quia
982 2281 1142 2326 reversus
1165 2261 1225 2325 do-

272 2383 375 2440 mum,
390 2364 525 2446 repetiit
544 2373 580 2429 et
599 2384 745 2429 errorem
765 2364 1000 2441 domesticum,
1017 2368 1225 2427 memoratus

272 2484 365 2546 papa
392 2464 603 2543 Theodorus,
629 2466 807 2530 advocatis
831 2466 964 2529 cunctis
987 2465 1265 2531 sacerdotibusn

273 2574 307 2630 et
322 2567 411 2629 clero
426 2566 462 2628 in
478 2566 657 2630 ecclesiam
672 2569 765 2631 beati
781 2567 874 2632 Petri
890 2566 1122 2650 apostolorum
1136 2567 1229 2650 prin·

274 2668 371 2750 cipis,
386 2667 626 2732 condemnavit
640 2688 714 2731 eum
731 2670 795 2732 sub
810 2668 948 2732 vinculo
964 2668 1206 2732 anathematis.

318 2768 568 2834 Constantinus
576 2770 667 2833 filius
680 2770 835 2834 Heraclii
845 2769 1020 2833 mensibus
1030 2785 1080 2833 vl.
1105 2769 1229 2853 Pyrrhi

274 2871 588 2936 successorPaulus
600 2891 669 2935 non
679 2880 813 2936 tantum
825 2891 955 2936 vesana
966 2871 1231 2948 doctrina‚sicut

276 2974 473 3037 decessores
489 2972 574 3056 ejus,
590 2972 649 3036 sed
669 2980 704 3037 et
724 2979 842 3054 aperta
858 2972 1097 3055 persecutione
1113 2971 1232 3036 catho-
1242 2989 1270 3035 2⁵

275 3074 361 3137 licos
387 3072 528 3150 cruciat,
553 3072 792 3156 apocrisiarios
815 3080 945 3137 sanctae
973 3073 1129 3137 ecclesiae
1159 3072 1232 3137 Ro-

277 3195 400 3252 manae,
427 3175 486 3256 qui
516 3175 560 3239 ad
590 3174 665 3258 ejus
695 3174 941 3245 correctionem
962 3175 1059 3238 missi
1082 3173 1233 3254 fuerant,

277 3275 401 3358 partim
422 3276 625 3353 carceribus,
639 3275 765 3358 partim
784 3274 928 3353 exsiliis,
945 3277 1067 3358 partim
1085 3277 1235 3340 verberi-

277 3377 343 3440 bus
363 3375 523 3439 afficiens.
568 3377 634 3441 Sed
656 3384 691 3440 et
711 3376 818 3441 altare
839 3396 955 3440 eorum
976 3378 1010 3440 in
1030 3376 1132 3440 domo
1151 3376 1235 3445 Pla-

278 3476 378 3542 cidiae
403 3484 576 3541 sacratum
600 3478 636 3540 in
657 3479 844 3542 venerabili
869 3478 1007 3542 oraculo
1031 3479 1279 3546 subvertensaa

278 3578 429 3660 diripuit,
454 3577 636 3660 prohibens
661 3599 720 3643 eos
743 3581 870 3644 ibidem
896 3579 1022 3642 missas
1047 3578 1234 3647 celebrare.

281 3678 379 3741 Unde
391 3686 426 3741 et
436 3679 522 3759 ipse,
535 3679 626 3744 sicut
636 3700 862 3762 praecessores
870 3680 975 3757 illius,
985 3680 1028 3742 ab
1039 3682 1238 3761 apostolica

279 3779 361 3843 sede
369 3779 467 3863 justa
481 3779 705 3861 depositionis
721 3783 850 3847 ultione
864 3782 1048 3846 damnatus
1063 3790 1127 3845 est.

515 4095 521 4124 ¹
540 4091 690 4164 Epistolam]
721 4097 756 4144 H.
768 4098 798 4144 E.
811 4110 840 4144 u.
853 4098 906 4145 xix.
921 4095 933 4162 ξ
949 4099 1005 4145 143.
