2850 4890
261 335 325 399 284
633 346 845 394 aeruuurx.

262 494 476 554 cumdederuut
486 492 577 574 pedes
589 494 684 553 sancti
695 495 831 573 martyris
843 492 902 553 Dei
912 492 1142 573 incorruptibilis
1150 492 1171 560 ς’
1189 500 1218 551 et

263 580 427 640 secundum
455 580 608 639 consilium
636 582 701 658 ejus
729 578 843 639 ficoues
867 578 983 648 detulit,
1004 578 1132 658 pedibus
1158 579 1218 636 suis

262 675 349 726 nocte
371 667 423 724 illa
443 664 648 736 circumdedit,
669 673 700 724 et
716 665 869 743 requievit.
920 663 1051 742 Surgens
1072 665 1103 723 in
1124 673 1218 723 matu·

262 752 340 823 tinis,
357 752 437 830 quod
455 751 536 811 dictu
557 752 660 810 mirum
682 759 738 821 est,
762 751 891 810 Domino
911 748 1031 809 laudem
1049 759 1133 809 stans
1150 769 1218 808 cau-

262 838 346 905 tavit‚
374 839 424 915 qui
453 839 533 916 prius
560 856 634 915 pene
663 838 776 914 absque
804 837 904 913 lingua
924 835 1036 894 uuilum
1062 837 1255 894 membrumu

262 943 379 981 movere
395 924 499 1001 potuit.
542 921 680 981 Crastina
695 932 793 981 autem
813 922 861 981 die
878 922 1022 981 circuibat
1043 919 1113 981 loca
1132 941 1219 981 sauc-

263 1018 356 1066 torum
387 1017 556 1087 martyrum,
586 1009 695 1085 gratias
723 1028 815 1085 agens
841 1007 980 1076 Domino,
1003 1006 1087 1086 quod
1111 1008 1218 1066 meritis

264 1095 357 1152 sancti
377 1094 520 1173 episcopi,
545 1093 710 1152 secuudum
731 1092 821 1152 fidem
844 1095 920 1173 ejus,
943 1093 1075 1174 pristinae
1100 1093 1219 1152 sanitati

264 1179 395 1238 redditus
410 1189 467 1238 est.

307 1265 402 1343 Igitur
424 1264 541 1323 Fratres
559 1264 627 1332 mei,
647 1283 742 1343 pauca
757 1263 879 1334 dictavi,
898 1265 991 1323 multa
1005 1273 1036 1322 et
1055 1263 1258 1323 innumera-10

85 1353 96 1379 ¹
126 1354 148 1380 ¹⁶
170 1369 176 1380 ·
263 1351 335 1410 bilia
359 1352 506 1420 omittens,
528 1370 565 1408 ue
589 1350 760 1429 crapulatus
782 1350 887 1428 aliquis
909 1358 940 1408 et
959 1358 1102 1427 gravatus
1124 1349 1222 1408 omnia

264 1436 351 1496 simul
361 1444 521 1514 respueret.
566 1435 647 1494 Nam
668 1434 706 1494 de
727 1436 782 1493 hoo
797 1436 882 1504 sileo,
897 1433 1048 1513 quomodo
1069 1434 1099 1492 iu
1120 1434 1220 1493 multis

265 1522 349 1592 locis,
365 1521 543 1580 infirmantes
564 1520 739 1580 daemoniaci
759 1520 884 1599 professi
898 1528 966 1580 sunt
978 1539 1031 1599 pro
1049 1539 1087 1578 eo
1108 1529 1222 1579 tautum

263 1607 362 1666 futuro
383 1608 549 1666 deseruisse
572 1605 733 1676 daemoues,
754 1616 786 1665 et
808 1626 955 1685 nunquam
975 1608 1081 1665 iterum
1101 1625 1222 1684 posses-

265 1713 365 1760 suros;
390 1692 439 1754 vel
456 1693 560 1751 iterum
577 1692 727 1772 quomodo
742 1712 884 1771 praeseus,
903 1691 994 1751 verbo
1011 1698 1127 1751 tautum
1146 1690 1220 1750 alios
1232 1705 1259 1750 15

266 1779 388 1838 sanavit.
435 1778 483 1837 De
505 1777 658 1837 Fratribus
675 1797 794 1856 quoque
816 1786 913 1848 taceo,
932 1778 983 1855 qui
1004 1776 1033 1836 irr
1052 1776 1145 1838 corde
1169 1797 1223 1836 suo

266 1873 490 1943 proposuerunt,
499 1863 579 1922 rrullo
591 1863 649 1922 alio
660 1863 783 1933 sciente,
793 1863 850 1921 sibi
859 1863 1029 1922 necessaria
1038 1861 1221 1942 deposcere;
1311 1862 1319 1881 ⁸

265 1950 314 2009 ille
335 1970 405 2008 vero
427 1949 590 2029 prophetali
614 1949 717 2029 spiritu
741 1950 882 2028 praevenit
902 1968 966 2018 eos,
988 1967 1160 2028 praeparans
1181 1949 1224 2006 eis

265 2034 427 2094 secuudum
442 2033 589 2094 desideria
603 2035 701 2093 cordis
715 2054 815 2093 eorum
830 2043 987 2112 autequam
1001 2034 1109 2112 aliquis
1123 2054 1162 2093 ex
1182 2035 1225 2093 eis

266 2127 377 2199 peteret
390 2139 466 2178 euro.
510 2120 557 2179 De
579 2140 638 2198 quo
659 2120 761 2198 spiritu
776 2120 894 2180 Paulus
908 2118 993 2191 dixit,
1009 2118 1111 2180 Nobis
1125 2129 1262 2180 autemut)

266 2206 408 2265 revelavit
433 2225 484 2284 per
511 2204 650 2285 Spiritum
680 2213 825 2264 sanctum.
869 2204 940 2264 Nec
968 2205 1005 2264 de
1030 2225 1107 2284 pane
1134 2207 1223 2265 bene·

265 2291 347 2351 dicto
361 2291 389 2350 iu
403 2290 520 2350 duobus
533 2291 608 2350 locis
622 2291 723 2370 qualia
736 2300 766 2350 et
780 2299 890 2370 quauta
904 2290 1048 2350 mirabilia
1061 2289 1226 2350 factasunt

264 2377 344 2448 dico,
360 2377 408 2435 vel
423 2376 460 2436 de
475 2397 560 2456 aquae
575 2384 646 2456 potu
662 2375 830 2446 benedicto,
842 2386 873 2435 et
883 2385 952 2455 post
965 2396 1033 2435 eum
1048 2376 1099 2435 alii
1112 2376 1225 2436 bibenti

265 2464 359 2522 omnis
381 2464 511 2522 suavitas
528 2462 649 2539 liquoris
668 2463 814 2542 apparuit,
837 2462 886 2521 rel
907 2462 1058 2542 quomodo
1079 2461 1224 2522 diaconus

267 2550 362 2610 sancti
377 2549 510 2629 episcopi
527 2546 668 2607 Wiufridi
684 2568 704 2606 a
718 2547 848 2626 reliquiis
864 2547 1027 2628 supradicti
1044 2546 1261 2608 confessorisut

269 2633 327 2694 Dei
340 2655 391 2715 per
406 2634 482 2693 duas
496 2633 578 2694 vices
592 2632 631 2692 de
645 2631 811 2692 infirmitate
826 2644 948 2693 sanatus
963 2633 1010 2694 sit.

302 2891 322 2922 ²⁰
338 2892 433 2955 Dixit]
459 2893 545 2942 lC0r.
558 2893 586 2940 ii.
597 2896 639 2940 20.
763 2893 848 2942 Saron
874 2892 1007 2943 character
1030 2895 1118 2945 which
1140 2910 1224 2958 repre-

301 2961 321 2991 ²⁶
342 2963 479 3026 Wiusridi]
503 2962 727 3012 Thessollandista
763 2963 959 3014 sentswiore.

267 3035 329 3084 read
340 3035 348 3062 ‘
358 3031 486 3096 Piniridi,'
493 3034 527 3095 by
535 3033 674 3094 mistaking
684 3033 727 3081 the
