<?xml version="1.0" encoding="UTF-8"?>
<!DOCTYPE html PUBLIC "-//W3C//DTD XHTML 1.0 Transitional//EN"
    "http://www.w3.org/TR/xhtml1/DTD/xhtml1-transitional.dtd">
<html xmlns="http://www.w3.org/1999/xhtml" xml:lang="en" lang="en">
 <head>
  <title>
</title>
<meta http-equiv="Content-Type" content="text/html;charset=utf-8" />
  <meta name='ocr-system' content='tesseract 3.04.00' />
  <meta name='ocr-capabilities' content='ocr_page ocr_carea ocr_par ocr_line ocrx_word'/>
</head>
<body>
  <div class='ocr_page' id='page_1' title='image "./venerabilisbeda00bedegoog_0112.png"; bbox 0 0 2850 4890; ppageno 0'>
   <div class='ocr_carea' id='block_1_1' title="bbox 523 349 1208 412">
    <p class='ocr_par' dir='ltr' id='par_1_1' title="bbox 523 349 1208 412">
     <span class='ocr_line' id='line_1_1' title="bbox 523 349 1208 412; baseline 0.012 -8"><span class='ocrx_word' id='word_1_1' title='bbox 523 357 704 405; x_wconf 72' lang='lat' dir='ltr'>sucronn</span> <span class='ocrx_word' id='word_1_2' title='bbox 722 359 810 405; x_wconf 84' lang='lat' dir='ltr'>vnn.</span> <span class='ocrx_word' id='word_1_3' title='bbox 831 359 941 407; x_wconf 78' lang='lat' dir='ltr'>enon.</span> <span class='ocrx_word' id='word_1_4' title='bbox 1169 349 1208 412; x_wconf 86' lang='lat' dir='ltr'>or</span> 
     </span>
    </p>
   </div>
   <div class='ocr_carea' id='block_1_2' title="bbox 184 513 1369 3410">
    <p class='ocr_par' dir='ltr' id='par_1_2' title="bbox 184 513 1369 3410">
     <span class='ocr_line' id='line_1_2' title="bbox 256 513 1369 603; baseline 0.012 -28"><span class='ocrx_word' id='word_1_5' title='bbox 256 513 427 578; x_wconf 83' lang='lat' dir='ltr'>alluvione</span> <span class='ocrx_word' id='word_1_6' title='bbox 451 515 676 597; x_wconf 86' lang='lat' dir='ltr'>frequentium</span> <span class='ocrx_word' id='word_1_7' title='bbox 705 518 873 598; x_wconf 83' lang='lat' dir='ltr'>gurgitum</span> <span class='ocrx_word' id='word_1_8' title='bbox 905 530 1076 585; x_wconf 85' lang='lat' dir='ltr'>excavata</span> <span class='ocrx_word' id='word_1_9' title='bbox 1109 541 1211 603; x_wconf 89' lang='lat' dir='ltr'>rupes</span> <span class='ocrx_word' id='word_1_10' title='bbox 1226 538 1369 590; x_wconf 63' lang='lat' dir='ltr'>nuere,</span> 
     </span>
     <span class='ocr_line' id='line_1_3' title="bbox 256 614 1212 698; baseline 0.01 -22"><span class='ocrx_word' id='word_1_11' title='bbox 256 614 459 678; x_wconf 90' lang='lat' dir='ltr'>altissimum</span> <span class='ocrx_word' id='word_1_12' title='bbox 479 635 541 679; x_wconf 93' lang='lat' dir='ltr'>nec</span> <span class='ocrx_word' id='word_1_13' title='bbox 559 616 694 681; x_wconf 89' lang='lat' dir='ltr'>brevem</span> <span class='ocrx_word' id='word_1_14' title='bbox 713 616 841 682; x_wconf 85' lang='lat' dir='ltr'><strong>fecerat</strong></span> <span class='ocrx_word' id='word_1_15' title='bbox 862 620 1003 698; x_wconf 91' lang='lat' dir='ltr'>hiatum,</span> <span class='ocrx_word' id='word_1_16' title='bbox 1018 623 1112 685; x_wconf 88' lang='lat' dir='ltr'>basis</span> <span class='ocrx_word' id='word_1_17' title='bbox 1131 625 1212 686; x_wconf 84' lang='lat' dir='ltr'>sub-</span> 
     </span>
     <span class='ocr_line' id='line_1_4' title="bbox 254 717 1210 801; baseline 0.01 -24"><span class='ocrx_word' id='word_1_18' title='bbox 254 717 414 797; x_wconf 90' lang='lat' dir='ltr'>ponenda</span> <span class='ocrx_word' id='word_1_19' title='bbox 442 725 525 794; x_wconf 89' lang='lat' dir='ltr'>erat,</span> <span class='ocrx_word' id='word_1_20' title='bbox 553 725 588 782; x_wconf 92' lang='lat' dir='ltr'>et</span> <span class='ocrx_word' id='word_1_21' title='bbox 617 718 690 782; x_wconf 89' lang='lat' dir='ltr'>haec</span> <span class='ocrx_word' id='word_1_22' title='bbox 714 719 819 801; x_wconf 85' lang='lat' dir='ltr'>juxta</span> <span class='ocrx_word' id='word_1_23' title='bbox 846 721 1062 790; x_wconf 89' lang='lat' dir='ltr'>latitudinem</span> <span class='ocrx_word' id='word_1_24' title='bbox 1095 723 1210 788; x_wconf 84' lang='lat' dir='ltr'>hiatus</span> 
     </span>
     <span class='ocr_line' id='line_1_5' title="bbox 255 818 1211 906; baseline 0.009 -25"><span class='ocrx_word' id='word_1_25' title='bbox 255 818 434 883; x_wconf 87' lang='lat' dir='ltr'>duodecim</span> <span class='ocrx_word' id='word_1_26' title='bbox 464 821 588 902; x_wconf 91' lang='lat' dir='ltr'>pedum</span> <span class='ocrx_word' id='word_1_27' title='bbox 617 821 729 903; x_wconf 88' lang='lat' dir='ltr'>longa.</span> <span class='ocrx_word' id='word_1_28' title='bbox 773 821 925 904; x_wconf 86' lang='lat' dir='ltr'>Rogavit</span> <span class='ocrx_word' id='word_1_29' title='bbox 955 845 1033 906; x_wconf 82' lang='lat' dir='ltr'>ergo</span> <span class='ocrx_word' id='word_1_30' title='bbox 1062 827 1211 905; x_wconf 86' lang='lat' dir='ltr'>Fratres,</span> 
     </span>
     <span class='ocr_line' id='line_1_6' title="bbox 225 918 1211 1004; baseline 0.009 -22"><span class='ocrx_word' id='word_1_31' title='bbox 225 920 312 1003; x_wconf 73' lang='lat' dir='ltr'>eqni</span> <span class='ocrx_word' id='word_1_32' title='bbox 328 939 366 984; x_wconf 87' lang='lat' dir='ltr'>se</span> <span class='ocrx_word' id='word_1_33' title='bbox 379 918 553 986; x_wconf 79' lang='lat' dir='ltr'>visitaturi</span> <span class='ocrx_word' id='word_1_34' title='bbox 568 923 788 1000; x_wconf 89' lang='lat' dir='ltr'>advenerant,</span> <span class='ocrx_word' id='word_1_35' title='bbox 802 932 842 987; x_wconf 89' lang='lat' dir='ltr'>ut</span> <span class='ocrx_word' id='word_1_36' title='bbox 857 943 934 987; x_wconf 90' lang='lat' dir='ltr'>cum</span> <span class='ocrx_word' id='word_1_37' title='bbox 952 925 1058 989; x_wconf 91' lang='lat' dir='ltr'>redire</span> <span class='ocrx_word' id='word_1_38' title='bbox 1073 928 1211 1004; x_wconf 89' lang='lat' dir='ltr'>vellent,</span> 
     </span>
     <span class='ocr_line' id='line_1_7' title="bbox 254 1021 1210 1107; baseline 0.008 -24"><span class='ocrx_word' id='word_1_39' title='bbox 254 1021 381 1102; x_wconf 90' lang='lat' dir='ltr'>lignum</span> <span class='ocrx_word' id='word_1_40' title='bbox 404 1023 469 1085; x_wconf 90' lang='lat' dir='ltr'>sibi</span> <span class='ocrx_word' id='word_1_41' title='bbox 488 1022 709 1103; x_wconf 87' lang='lat' dir='ltr'>longitudinis</span> <span class='ocrx_word' id='word_1_42' title='bbox 730 1023 907 1087; x_wconf 88' lang='lat' dir='ltr'>duodecim</span> <span class='ocrx_word' id='word_1_43' title='bbox 928 1026 1052 1107; x_wconf 91' lang='lat' dir='ltr'>pedum</span> <span class='ocrx_word' id='word_1_44' title='bbox 1068 1028 1111 1091; x_wconf 93' lang='lat' dir='ltr'>ad</span> <span class='ocrx_word' id='word_1_45' title='bbox 1127 1028 1210 1091; x_wconf 88' lang='lat' dir='ltr'>faci-</span> 
     </span>
     <span class='ocr_line' id='line_1_8' title="bbox 254 1122 1211 1210; baseline 0.007 -25"><span class='ocrx_word' id='word_1_46' title='bbox 254 1123 377 1186; x_wconf 85' lang='lat' dir='ltr'>endam</span> <span class='ocrx_word' id='word_1_47' title='bbox 397 1122 613 1187; x_wconf 85' lang='lat' dir='ltr'>domunculae</span> <span class='ocrx_word' id='word_1_48' title='bbox 632 1124 744 1187; x_wconf 90' lang='lat' dir='ltr'>basim</span> <span class='ocrx_word' id='word_1_49' title='bbox 764 1124 951 1206; x_wconf 81' lang='lat' dir='ltr'>deferrent3</span> <span class='ocrx_word' id='word_1_50' title='bbox 974 1129 1032 1208; x_wconf 92' lang='lat' dir='ltr'>qui</span> <span class='ocrx_word' id='word_1_51' title='bbox 1049 1131 1211 1210; x_wconf 88' lang='lat' dir='ltr'>promise·</span> 
     </span>
     <span class='ocr_line' id='line_1_9' title="bbox 254 1223 1209 1309; baseline 0.009 -24"><span class='ocrx_word' id='word_1_52' title='bbox 254 1230 334 1287; x_wconf 90' lang='lat' dir='ltr'>runt</span> <span class='ocrx_word' id='word_1_53' title='bbox 363 1242 400 1286; x_wconf 87' lang='lat' dir='ltr'>se</span> <span class='ocrx_word' id='word_1_54' title='bbox 429 1223 653 1287; x_wconf 88' lang='lat' dir='ltr'>libentissime</span> <span class='ocrx_word' id='word_1_55' title='bbox 682 1224 833 1289; x_wconf 78' lang='lat' dir='ltr'>facturos</span> <span class='ocrx_word' id='word_1_56' title='bbox 863 1228 955 1308; x_wconf 92' lang='lat' dir='ltr'>quod</span> <span class='ocrx_word' id='word_1_57' title='bbox 985 1231 1096 1309; x_wconf 89' lang='lat' dir='ltr'>petiit.</span> <span class='ocrx_word' id='word_1_58' title='bbox 1140 1230 1209 1294; x_wconf 91' lang='lat' dir='ltr'>Sed</span> 
     </span>
     <span class='ocr_line' id='line_1_10' title="bbox 253 1325 1211 1407; baseline 0.008 -20"><span class='ocrx_word' id='word_1_59' title='bbox 253 1325 324 1400; x_wconf 89' lang='lat' dir='ltr'>nbi,</span> <span class='ocrx_word' id='word_1_60' title='bbox 347 1331 491 1407; x_wconf 88' lang='lat' dir='ltr'>accepta</span> <span class='ocrx_word' id='word_1_61' title='bbox 514 1326 559 1389; x_wconf 88' lang='lat' dir='ltr'>ab</span> <span class='ocrx_word' id='word_1_62' title='bbox 581 1345 623 1388; x_wconf 90' lang='lat' dir='ltr'>eo</span> <span class='ocrx_word' id='word_1_63' title='bbox 646 1326 893 1406; x_wconf 88' lang='lat' dir='ltr'>benedictione,</span> <span class='ocrx_word' id='word_1_64' title='bbox 919 1329 1056 1393; x_wconf 91' lang='lat' dir='ltr'>domum</span> <span class='ocrx_word' id='word_1_65' title='bbox 1081 1332 1211 1395; x_wconf 87' lang='lat' dir='ltr'>reversi</span> 
     </span>
     <span class='ocr_line' id='line_1_11' title="bbox 211 1426 1210 1513; baseline 0.005 -23"><span class='ocrx_word' id='word_1_66' title='bbox 211 1445 243 1490; x_wconf 82' lang='lat' dir='ltr'>ro</span> <span class='ocrx_word' id='word_1_67' title='bbox 255 1434 346 1502; x_wconf 88' lang='lat' dir='ltr'>sunt,</span> <span class='ocrx_word' id='word_1_68' title='bbox 361 1426 448 1506; x_wconf 88' lang='lat' dir='ltr'>fugit</span> <span class='ocrx_word' id='word_1_69' title='bbox 467 1434 615 1489; x_wconf 91' lang='lat' dir='ltr'>mentem</span> <span class='ocrx_word' id='word_1_70' title='bbox 635 1428 758 1509; x_wconf 90' lang='lat' dir='ltr'>petitio</span> <span class='ocrx_word' id='word_1_71' title='bbox 779 1428 915 1509; x_wconf 81' lang='lat' dir='ltr'>Patris3</span> <span class='ocrx_word' id='word_1_72' title='bbox 937 1432 1134 1513; x_wconf 90' lang='lat' dir='ltr'>reversique</span> <span class='ocrx_word' id='word_1_73' title='bbox 1155 1433 1210 1496; x_wconf 93' lang='lat' dir='ltr'>die</span> 
     </span>
     <span class='ocr_line' id='line_1_12' title="bbox 184 1526 1211 1612; baseline 0.006 -23"><span class='ocrx_word' id='word_1_74' title='bbox 184 1589 190 1599; x_wconf 81' lang='grc'><strong>,</strong></span> <span class='ocrx_word' id='word_1_75' title='bbox 255 1526 370 1590; x_wconf 89' lang='lat' dir='ltr'>debito</span> <span class='ocrx_word' id='word_1_76' title='bbox 400 1527 444 1591; x_wconf 85' lang='lat' dir='ltr'>ad</span> <span class='ocrx_word' id='word_1_77' title='bbox 473 1546 560 1603; x_wconf 91' lang='lat' dir='ltr'>eum,</span> <span class='ocrx_word' id='word_1_78' title='bbox 590 1547 658 1591; x_wconf 90' lang='lat' dir='ltr'>non</span> <span class='ocrx_word' id='word_1_79' title='bbox 688 1527 841 1592; x_wconf 87' lang='lat' dir='ltr'>adtulere</span> <span class='ocrx_word' id='word_1_80' title='bbox 872 1530 965 1612; x_wconf 91' lang='lat' dir='ltr'>quod</span> <span class='ocrx_word' id='word_1_81' title='bbox 994 1533 1211 1611; x_wconf 84' lang='lat' dir='ltr'>rogabantur.</span> 
     </span>
     <span class='ocr_line' id='line_1_13' title="bbox 256 1626 1212 1711; baseline 0.005 -20"><span class='ocrx_word' id='word_1_82' title='bbox 256 1626 391 1706; x_wconf 87' lang='lat' dir='ltr'>Quibus</span> <span class='ocrx_word' id='word_1_83' title='bbox 406 1630 462 1692; x_wconf 91' lang='lat' dir='ltr'>ille</span> <span class='ocrx_word' id='word_1_84' title='bbox 477 1629 718 1710; x_wconf 86' lang='lat' dir='ltr'>benignissime</span> <span class='ocrx_word' id='word_1_85' title='bbox 730 1630 875 1711; x_wconf 89' lang='lat' dir='ltr'>receptis</span> <span class='ocrx_word' id='word_1_86' title='bbox 890 1638 924 1694; x_wconf 90' lang='lat' dir='ltr'>et</span> <span class='ocrx_word' id='word_1_87' title='bbox 941 1632 1096 1695; x_wconf 90' lang='lat' dir='ltr'>oratione</span> <span class='ocrx_word' id='word_1_88' title='bbox 1108 1633 1212 1696; x_wconf 90' lang='lat' dir='ltr'>solita</span> 
     </span>
     <span class='ocr_line' id='line_1_14' title="bbox 254 1729 1210 1815; baseline 0.004 -21"><span class='ocrx_word' id='word_1_89' title='bbox 254 1729 331 1794; x_wconf 90' lang='lat' dir='ltr'>Deo</span> <span class='ocrx_word' id='word_1_90' title='bbox 344 1731 603 1808; x_wconf 90' lang='lat' dir='ltr'>commendatis,</span> <span class='ocrx_word' id='word_1_91' title='bbox 616 1730 706 1795; x_wconf 91' lang='lat' dir='ltr'>‘Ubi</span> <span class='ocrx_word' id='word_1_92' title='bbox 719 1733 792 1807; x_wconf 86' lang='lat' dir='ltr'>est‚‘</span> <span class='ocrx_word' id='word_1_93' title='bbox 803 1731 925 1814; x_wconf 90' lang='lat' dir='ltr'>inquit,</span> <span class='ocrx_word' id='word_1_94' title='bbox 939 1738 950 1767; x_wconf 89' lang='lat'>‘</span> <span class='ocrx_word' id='word_1_95' title='bbox 963 1732 1103 1813; x_wconf 92' lang='lat' dir='ltr'>lignum,</span> <span class='ocrx_word' id='word_1_96' title='bbox 1118 1735 1210 1815; x_wconf 91' lang='lat' dir='ltr'>quod</span> 
     </span>
     <span class='ocr_line' id='line_1_15' title="bbox 253 1831 1210 1914; baseline 0.001 -17"><span class='ocrx_word' id='word_1_97' title='bbox 253 1851 317 1897; x_wconf 85' lang='lat' dir='ltr'>vos</span> <span class='ocrx_word' id='word_1_98' title='bbox 344 1831 476 1895; x_wconf 89' lang='lat' dir='ltr'>adferre</span> <span class='ocrx_word' id='word_1_99' title='bbox 503 1833 667 1914; x_wconf 89' lang='lat' dir='ltr'>rogabam</span> <span class='ocrx_word' id='word_1_100' title='bbox 676 1834 700 1896; x_wconf 81' lang='lat' dir='ltr'>l’</span> <span class='ocrx_word' id='word_1_101' title='bbox 758 1833 847 1895; x_wconf 82' lang='lat' dir='ltr'>Tum</span> <span class='ocrx_word' id='word_1_102' title='bbox 873 1834 924 1897; x_wconf 92' lang='lat' dir='ltr'>illi</span> <span class='ocrx_word' id='word_1_103' title='bbox 953 1834 1210 1898; x_wconf 86' lang='lat' dir='ltr'>reminiscentes</span> 
     </span>
     <span class='ocr_line' id='line_1_16' title="bbox 211 1932 1211 2016; baseline 0.002 -20"><span class='ocrx_word' id='word_1_104' title='bbox 211 1933 452 2016; x_wconf 72' lang='lat' dir='ltr'>repetitionem</span> <span class='ocrx_word' id='word_1_105' title='bbox 475 1932 561 2016; x_wconf 90' lang='lat' dir='ltr'>ejus,</span> <span class='ocrx_word' id='word_1_106' title='bbox 580 1951 746 2016; x_wconf 88' lang='lat' dir='ltr'>suamque</span> <span class='ocrx_word' id='word_1_107' title='bbox 767 1933 969 1998; x_wconf 90' lang='lat' dir='ltr'>confitentes</span> <span class='ocrx_word' id='word_1_108' title='bbox 993 1935 1211 2014; x_wconf 89' lang='lat' dir='ltr'>oblivionem,</span> 
     </span>
     <span class='ocr_line' id='line_1_17' title="bbox 253 2034 1208 2118; baseline -0.001 -18"><span class='ocrx_word' id='word_1_109' title='bbox 253 2035 390 2100; x_wconf 90' lang='lat' dir='ltr'>veniam</span> <span class='ocrx_word' id='word_1_110' title='bbox 410 2034 452 2097; x_wconf 90' lang='lat' dir='ltr'>de</span> <span class='ocrx_word' id='word_1_111' title='bbox 472 2034 624 2098; x_wconf 88' lang='lat' dir='ltr'>admisso</span> <span class='ocrx_word' id='word_1_112' title='bbox 644 2035 883 2118; x_wconf 83' lang='lat' dir='ltr'>precabantur.</span> <span class='ocrx_word' id='word_1_113' title='bbox 928 2035 977 2099; x_wconf 91' lang='lat' dir='ltr'>At</span> <span class='ocrx_word' id='word_1_114' title='bbox 995 2036 1047 2100; x_wconf 90' lang='lat' dir='ltr'>vir</span> <span class='ocrx_word' id='word_1_115' title='bbox 1070 2037 1208 2100; x_wconf 88' lang='lat' dir='ltr'>mitissi-</span> 
     </span>
     <span class='ocr_line' id='line_1_18' title="bbox 253 2135 1208 2218; baseline 0.001 -19"><span class='ocrx_word' id='word_1_116' title='bbox 253 2155 330 2199; x_wconf 89' lang='lat' dir='ltr'>mus</span> <span class='ocrx_word' id='word_1_117' title='bbox 354 2135 481 2199; x_wconf 91' lang='lat' dir='ltr'>blando</span> <span class='ocrx_word' id='word_1_118' title='bbox 509 2135 588 2198; x_wconf 92' lang='lat' dir='ltr'>illos</span> <span class='ocrx_word' id='word_1_119' title='bbox 616 2154 770 2199; x_wconf 88' lang='lat' dir='ltr'>sermone</span> <span class='ocrx_word' id='word_1_120' title='bbox 800 2135 999 2199; x_wconf 88' lang='lat' dir='ltr'>consolatus</span> <span class='ocrx_word' id='word_1_121' title='bbox 1028 2137 1208 2218; x_wconf 92' lang='lat' dir='ltr'>usquead</span> 
     </span>
     <span class='ocr_line' id='line_1_19' title="bbox 253 2235 1211 2319; baseline 0.001 -20"><span class='ocrx_word' id='word_1_122' title='bbox 253 2256 355 2300; x_wconf 91' lang='lat' dir='ltr'>mane</span> <span class='ocrx_word' id='word_1_123' title='bbox 380 2235 416 2298; x_wconf 92' lang='lat' dir='ltr'>in</span> <span class='ocrx_word' id='word_1_124' title='bbox 441 2235 555 2299; x_wconf 90' lang='lat' dir='ltr'>insula</span> <span class='ocrx_word' id='word_1_125' title='bbox 580 2256 717 2299; x_wconf 91' lang='lat' dir='ltr'>manere</span> <span class='ocrx_word' id='word_1_126' title='bbox 740 2242 775 2299; x_wconf 91' lang='lat' dir='ltr'>et</span> <span class='ocrx_word' id='word_1_127' title='bbox 799 2236 1011 2317; x_wconf 89' lang='lat' dir='ltr'>requiescere</span> <span class='ocrx_word' id='word_1_128' title='bbox 1037 2238 1211 2319; x_wconf 68' lang='lat' dir='ltr'>praecepit,</span> 
     </span>
     <span class='ocr_line' id='line_1_20' title="bbox 254 2335 1209 2417; baseline 0.001 -17"><span class='ocrx_word' id='word_1_129' title='bbox 254 2337 384 2413; x_wconf 88' lang='lat' dir='ltr'>dicens,</span> <span class='ocrx_word' id='word_1_130' title='bbox 406 2335 541 2400; x_wconf 85' lang='lat' dir='ltr'>‘Credo</span> <span class='ocrx_word' id='word_1_131' title='bbox 567 2336 649 2417; x_wconf 91' lang='lat' dir='ltr'>quia</span> <span class='ocrx_word' id='word_1_132' title='bbox 676 2336 771 2399; x_wconf 89' lang='lat' dir='ltr'>Deus</span> <span class='ocrx_word' id='word_1_133' title='bbox 791 2356 861 2398; x_wconf 92' lang='lat' dir='ltr'>non</span> <span class='ocrx_word' id='word_1_134' title='bbox 885 2336 1107 2402; x_wconf 88' lang='lat' dir='ltr'>obliviscatur</span> <span class='ocrx_word' id='word_1_135' title='bbox 1124 2358 1209 2401; x_wconf 88' lang='lat' dir='ltr'>meae</span> 
     </span>
     <span class='ocr_line' id='line_1_21' title="bbox 209 2435 1210 2516; baseline 0 -14"><span class='ocrx_word' id='word_1_136' title='bbox 209 2457 242 2502; x_wconf 76' lang='lat'>20</span> <span class='ocrx_word' id='word_1_137' title='bbox 253 2436 441 2502; x_wconf 89' lang='lat' dir='ltr'>voluntatis</span> <span class='ocrx_word' id='word_1_138' title='bbox 471 2444 505 2499; x_wconf 89' lang='lat' dir='ltr'>et</span> <span class='ocrx_word' id='word_1_139' title='bbox 532 2435 772 2500; x_wconf 81' lang='lat' dir='ltr'>necessitatis&#39;</span> <span class='ocrx_word' id='word_1_140' title='bbox 817 2437 985 2501; x_wconf 90' lang='lat' dir='ltr'>Fecerunt</span> <span class='ocrx_word' id='word_1_141' title='bbox 1005 2446 1043 2501; x_wconf 90' lang='lat' dir='ltr'>ut</span> <span class='ocrx_word' id='word_1_142' title='bbox 1065 2439 1210 2516; x_wconf 86' lang='lat' dir='ltr'>dixerat,</span> 
     </span>
     <span class='ocr_line' id='line_1_22' title="bbox 254 2537 1210 2620; baseline -0.001 -18"><span class='ocrx_word' id='word_1_143' title='bbox 254 2547 290 2602; x_wconf 94' lang='lat' dir='ltr'>et</span> <span class='ocrx_word' id='word_1_144' title='bbox 319 2545 540 2620; x_wconf 85' lang='lat' dir='ltr'>exsurgentes</span> <span class='ocrx_word' id='word_1_145' title='bbox 577 2559 678 2602; x_wconf 90' lang='lat' dir='ltr'>mane</span> <span class='ocrx_word' id='word_1_146' title='bbox 708 2537 876 2614; x_wconf 89' lang='lat' dir='ltr'>viderunt,</span> <span class='ocrx_word' id='word_1_147' title='bbox 904 2540 987 2619; x_wconf 89' lang='lat' dir='ltr'>quia</span> <span class='ocrx_word' id='word_1_148' title='bbox 1022 2547 1210 2602; x_wconf 88' lang='lat' dir='ltr'>nocturnus</span> 
     </span>
     <span class='ocr_line' id='line_1_23' title="bbox 254 2639 1210 2720; baseline 0 -18"><span class='ocrx_word' id='word_1_149' title='bbox 254 2639 375 2702; x_wconf 90' lang='lat' dir='ltr'>oceani</span> <span class='ocrx_word' id='word_1_150' title='bbox 390 2646 497 2702; x_wconf 88' lang='lat' dir='ltr'>aestus</span> <span class='ocrx_word' id='word_1_151' title='bbox 518 2639 647 2720; x_wconf 92' lang='lat' dir='ltr'>lignum</span> <span class='ocrx_word' id='word_1_152' title='bbox 665 2645 861 2702; x_wconf 88' lang='lat' dir='ltr'>memoratae</span> <span class='ocrx_word' id='word_1_153' title='bbox 875 2639 1098 2718; x_wconf 88' lang='lat' dir='ltr'>longitudinis</span> <span class='ocrx_word' id='word_1_154' title='bbox 1119 2647 1210 2702; x_wconf 90' lang='lat' dir='ltr'>attu-</span> 
     </span>
     <span class='ocr_line' id='line_1_24' title="bbox 253 2738 1211 2820; baseline -0.001 -18"><span class='ocrx_word' id='word_1_155' title='bbox 253 2740 304 2816; x_wconf 89' lang='lat' dir='ltr'>lit,</span> <span class='ocrx_word' id='word_1_156' title='bbox 324 2746 359 2802; x_wconf 90' lang='lat' dir='ltr'>et</span> <span class='ocrx_word' id='word_1_157' title='bbox 378 2739 414 2801; x_wconf 93' lang='lat' dir='ltr'>in</span> <span class='ocrx_word' id='word_1_158' title='bbox 433 2739 510 2820; x_wconf 88' lang='lat' dir='ltr'>ipso</span> <span class='ocrx_word' id='word_1_159' title='bbox 530 2739 670 2819; x_wconf 90' lang='lat' dir='ltr'>iusuper</span> <span class='ocrx_word' id='word_1_160' title='bbox 689 2738 766 2801; x_wconf 94' lang='lat' dir='ltr'>loco</span> <span class='ocrx_word' id='word_1_161' title='bbox 787 2738 956 2819; x_wconf 89' lang='lat' dir='ltr'>deposuit,</span> <span class='ocrx_word' id='word_1_162' title='bbox 972 2739 1030 2801; x_wconf 88' lang='lat' dir='ltr'>nbi</span> <span class='ocrx_word' id='word_1_163' title='bbox 1050 2739 1086 2801; x_wconf 91' lang='lat' dir='ltr'>in</span> <span class='ocrx_word' id='word_1_164' title='bbox 1105 2740 1211 2811; x_wconf 87' lang='lat' dir='ltr'>aedifi-</span> 
     </span>
     <span class='ocr_line' id='line_1_25' title="bbox 253 2837 1210 2921; baseline -0.001 -17"><span class='ocrx_word' id='word_1_165' title='bbox 253 2841 343 2904; x_wconf 91' lang='lat' dir='ltr'>cium</span> <span class='ocrx_word' id='word_1_166' title='bbox 358 2837 506 2921; x_wconf 90' lang='lat' dir='ltr'>desuper</span> <span class='ocrx_word' id='word_1_167' title='bbox 525 2848 598 2904; x_wconf 91' lang='lat' dir='ltr'>erat</span> <span class='ocrx_word' id='word_1_168' title='bbox 613 2841 864 2921; x_wconf 91' lang='lat' dir='ltr'>imponendum.</span> <span class='ocrx_word' id='word_1_169' title='bbox 909 2839 1077 2905; x_wconf 92' lang='lat' dir='ltr'>Videntes</span> <span class='ocrx_word' id='word_1_170' title='bbox 1094 2847 1210 2905; x_wconf 89' lang='lat' dir='ltr'>autem</span> 
     </span>
     <span class='ocr_line' id='line_1_26' title="bbox 208 2941 1210 3020; baseline 0 -15"><span class='ocrx_word' id='word_1_171' title='bbox 208 2960 335 3005; x_wconf 77' lang='lat' dir='ltr'>asmox</span> <span class='ocrx_word' id='word_1_172' title='bbox 360 2947 396 3004; x_wconf 93' lang='lat' dir='ltr'>et</span> <span class='ocrx_word' id='word_1_173' title='bbox 420 2941 484 3005; x_wconf 91' lang='lat' dir='ltr'>viri</span> <span class='ocrx_word' id='word_1_174' title='bbox 509 2941 713 3004; x_wconf 90' lang='lat' dir='ltr'>venerabilis</span> <span class='ocrx_word' id='word_1_175' title='bbox 738 2942 960 3005; x_wconf 90' lang='lat' dir='ltr'>sanctitatem</span> <span class='ocrx_word' id='word_1_176' title='bbox 988 2942 1210 3020; x_wconf 88' lang='lat' dir='ltr'>mirabantur,</span> 
     </span>
     <span class='ocr_line' id='line_1_27' title="bbox 253 3041 1211 3122; baseline 0 -16"><span class='ocrx_word' id='word_1_177' title='bbox 253 3043 309 3107; x_wconf 92' lang='lat' dir='ltr'>cui</span> <span class='ocrx_word' id='word_1_178' title='bbox 330 3043 435 3105; x_wconf 89' lang='lat' dir='ltr'>etiam</span> <span class='ocrx_word' id='word_1_179' title='bbox 454 3041 623 3105; x_wconf 92' lang='lat' dir='ltr'>elementa</span> <span class='ocrx_word' id='word_1_180' title='bbox 643 3043 808 3107; x_wconf 89' lang='lat' dir='ltr'>servirent</span> <span class='ocrx_word' id='word_1_181' title='bbox 818 3063 830 3122; x_wconf 83' lang='lat'>3-</span> <span class='ocrx_word' id='word_1_182' title='bbox 850 3051 886 3106; x_wconf 90' lang='lat' dir='ltr'>et</span> <span class='ocrx_word' id='word_1_183' title='bbox 905 3064 977 3106; x_wconf 85' lang='lat' dir='ltr'>suae</span> <span class='ocrx_word' id='word_1_184' title='bbox 998 3043 1121 3106; x_wconf 90' lang='lat' dir='ltr'>mentis</span> <span class='ocrx_word' id='word_1_185' title='bbox 1140 3051 1211 3106; x_wconf 91' lang='lat' dir='ltr'>tar-</span> 
     </span>
     <span class='ocr_line' id='line_1_28' title="bbox 253 3142 1208 3226; baseline 0 -19"><span class='ocrx_word' id='word_1_186' title='bbox 253 3144 396 3207; x_wconf 89' lang='lat' dir='ltr'>ditatem</span> <span class='ocrx_word' id='word_1_187' title='bbox 411 3142 526 3206; x_wconf 89' lang='lat' dir='ltr'>debito</span> <span class='ocrx_word' id='word_1_188' title='bbox 542 3163 619 3206; x_wconf 92' lang='lat' dir='ltr'>cum</span> <span class='ocrx_word' id='word_1_189' title='bbox 637 3143 766 3226; x_wconf 89' lang='lat' dir='ltr'>pudore</span> <span class='ocrx_word' id='word_1_190' title='bbox 783 3144 982 3226; x_wconf 90' lang='lat' dir='ltr'>culpabant,</span> <span class='ocrx_word' id='word_1_191' title='bbox 997 3163 1084 3226; x_wconf 91' lang='lat' dir='ltr'>qnos</span> <span class='ocrx_word' id='word_1_192' title='bbox 1105 3145 1208 3207; x_wconf 87' lang='lat' dir='ltr'>etiam</span> 
     </span>
     <span class='ocr_line' id='line_1_29' title="bbox 252 3243 1209 3326; baseline 0 -19"><span class='ocrx_word' id='word_1_193' title='bbox 252 3243 450 3307; x_wconf 91' lang='lat' dir='ltr'>insensibile</span> <span class='ocrx_word' id='word_1_194' title='bbox 469 3243 672 3308; x_wconf 90' lang='lat' dir='ltr'>elementum</span> <span class='ocrx_word' id='word_1_195' title='bbox 692 3264 795 3326; x_wconf 91' lang='lat' dir='ltr'>quam</span> <span class='ocrx_word' id='word_1_196' title='bbox 818 3245 864 3307; x_wconf 89' lang='lat' dir='ltr'>sit</span> <span class='ocrx_word' id='word_1_197' title='bbox 885 3245 1014 3308; x_wconf 89' lang='lat' dir='ltr'>sanctis</span> <span class='ocrx_word' id='word_1_198' title='bbox 1035 3245 1209 3326; x_wconf 89' lang='lat' dir='ltr'>obtempe-</span> 
     </span>
     <span class='ocr_line' id='line_1_30' title="bbox 252 3344 559 3410; baseline -0.007 0"><span class='ocrx_word' id='word_1_199' title='bbox 252 3344 398 3410; x_wconf 87' lang='lat' dir='ltr'>randum</span> <span class='ocrx_word' id='word_1_200' title='bbox 412 3346 559 3409; x_wconf 90' lang='lat' dir='ltr'>doceret.</span> 
     </span>
    </p>
   </div>
   <div class='ocr_carea' id='block_1_3' title="bbox 0 0 1430 4890">
    <p class='ocr_par' dir='ltr' id='par_1_3' title="bbox 0 0 1430 4890">
     <span class='ocr_line' id='line_1_31' title="bbox 0 0 1430 4890; baseline 0 0"><span class='ocrx_word' id='word_1_201' title='bbox 0 0 1430 4890; x_wconf 95' lang='lat' dir='ltr'> </span> 
     </span>
    </p>
   </div>
  </div>
 </body>
</html>
