2850 4890
467 364 650 416 sucronn
667 367 755 417 vnn.
773 368 885 418 anor.
1096 353 1161 416 145

197 541 267 586 non
279 523 347 588 vile
360 544 484 590 munus
500 527 628 607 attulit,
643 528 825 612 epistolam
839 527 1041 611 privilegiia
1055 547 1157 592 vene·
1174 533 1316 588 alters.

197 623 298 690 rabili
334 646 429 710 papa
461 627 643 711 Agathone
676 650 753 694 cum
786 631 938 708 licentia,
974 649 1157 708 consensu,

197 726 376 806 desiderio,
390 737 427 794 et
444 730 583 796 hortatu
603 731 753 814 Ecgfridi
774 733 863 813 regis
884 740 1072 815 acceptam,
1087 751 1157 815 qua

196 831 451 909 monasterium,
469 833 562 914 quod
583 831 675 911 fecit,
699 834 743 897 ab
761 834 852 897 omni
869 852 1010 916 prorsus
1027 821 1157 897 extrin-

165 950 181 992 s
198 950 280 995 seca
298 932 486 1013 irruptione
500 940 613 998 tutum
627 942 792 1017 perpetuo
807 933 1002 999 redderetur
1015 955 1057 999 ac
1071 934 1156 999 libe-

196 1052 281 1097 rum.
340 1032 519 1113 Quintum,
545 1035 699 1118 picturas
728 1036 913 1118 imaginum
947 1042 1155 1114 sanctarum,

197 1155 285 1218 quas
302 1134 345 1200 ad
361 1136 549 1200 ornandum
564 1135 746 1200 eeclesiam
764 1137 857 1200 beati
872 1136 966 1200 Petri
983 1134 1155 1219 Apostoli,

196 1256 301 1319 quam
318 1244 569 1315 construxerat,
593 1236 738 1318 detulit;
760 1237 955 1319 imaginem,
983 1237 1154 1314 videlicet,

196 1340 308 1403 beatae
330 1338 396 1403 Dei
415 1337 608 1404 Genetricis
632 1358 833 1422 semperque
856 1339 997 1421 virginis
1021 1339 1154 1416 Mariae,

152 1440 354 1504 insimulet
378 1439 558 1504 duodecim
578 1439 834 1523 Apostolorum,
857 1441 982 1524 quibus
1007 1441 1154 1505 mediam

195 1541 349 1625 ejusdem
371 1542 526 1612 eeclesiae
545 1542 763 1620 testudinem,
787 1541 891 1606 ducto
915 1562 935 1606 a
959 1542 1090 1625 pariete
1109 1541 1153 1606 ad

194 1644 361 1726 parietem
386 1645 554 1722 tabulato,
582 1645 822 1727 praecingeret3
854 1644 1021 1727 imagines
1049 1664 1154 1709 evan-

194 1747 313 1828 gelicae
340 1746 503 1825 historiae,
528 1745 652 1828 quibus
679 1745 864 1809 australem
882 1744 1038 1810 ecclesiae
1063 1747 1155 1828 pari-

194 1856 285 1912 etem
310 1848 506 1928 decoraret3
532 1847 699 1928 imagines
725 1847 896 1910 visionum
922 1845 1152 1930 Apocalypsis

150 1969 180 2013 15
193 1950 289 2015 beati
324 1949 348 2013 J
351 1949 508 2026 ohannis,
544 1949 671 2032 quibus
711 1948 1013 2031 septentrionalem
1053 1968 1152 2032 ecque

191 2051 358 2135 parietem
385 2057 531 2129 ornaret,
564 2057 736 2134 quatenus
769 2053 936 2115 intrantes
970 2050 1153 2115 ecclesiam

192 2171 324 2231 omneS,
342 2153 446 2217 etiam
465 2153 640 2218 literarum
660 2151 782 2234 ignari,
802 2171 1078 2236 quaquaversum
1100 2153 1154 2216 in·

193 2254 382 2334 tenderent,
407 2255 463 2319 vel
494 2274 629 2338 semper
654 2255 834 2319 amabilem
861 2255 988 2319 Christi
1016 2263 1154 2319 saneto-

192 2375 335 2440 rumque
351 2355 436 2439 ejus,
450 2357 609 2440 quamvis
624 2357 660 2420 in
676 2358 834 2439 imagine,
846 2357 1155 2442 contemplarentur

148 2464 391 2541 maspectum3
425 2458 481 2522 vel
509 2458 701 2523 Dominicae
730 2459 978 2524 incarnationis
1007 2459 1154 2541 gratiam

193 2559 413 2642 vigilantiore
433 2570 547 2626 mente
568 2562 775 2643 recolerent3
799 2561 853 2626 vel
872 2561 1016 2625 extremi
1035 2560 1156 2624 discri-

192 2681 271 2726 men
294 2662 465 2726 examinis
487 2663 587 2747 quasi
611 2681 725 2727 coram
749 2662 857 2727 oculis
882 2663 1062 2740 habentes,
1083 2661 1154 2725 dis-

192 2764 327 2828 trictius
340 2782 379 2828 se
392 2763 461 2846 ipsi
476 2765 673 2828 examinare
686 2765 932 2828 meminissent.

239 2865 303 2949 §Z
326 2865 438 2948 Igitur
456 2867 661 2932 venerahilis
681 2865 863 2931 Benedicti
877 2867 1015 2945 virtute,
1033 2865 1153 2930 indus·
1169 2875 1203 2924 A.
1217 2875 1250 2952 D:
1264 2878 1323 2926 682.

150 2985 182 3030 ne
194 2967 262 3031 tria
289 2985 331 3030 ac
365 2966 537 3047 religione,
567 2986 628 3031 rex
661 2967 842 3049 Ecgfridus
876 2986 945 3031 non
978 2969 1152 3031 minimum
1168 2942 1326 3034 hti‘llltltl.

195 3067 399 3144 delectatus,
413 3073 547 3144 terram,
560 3087 664 3150 quam
680 3070 725 3133 ad
739 3069 1004 3134 construendum
1019 3088 1154 3134 monas·

194 3169 321 3234 terium
347 3168 380 3232 ei
405 3170 605 3248 donaverat,
631 3171 714 3253 quia
739 3172 826 3236 bene
850 3191 888 3236 se
915 3191 956 3235 ac
982 3170 1154 3236 fructuose

195 3270 389 3336 ordinatum
399 3290 477 3335 esse
488 3272 683 3355 conspexit,
694 3272 922 3355 quadraginta
936 3271 1047 3336 adhuc
1058 3272 1157 3336 fami-

193 3374 316 3437 liarum
333 3373 416 3437 data
434 3376 665 3456 possessione,
681 3380 899 3456 augmentare
920 3374 1073 3453 curavit3
1096 3375 1155 3437 ubi

151 3494 183 3539 so
193 3481 275 3557 post
289 3493 426 3552 annum,
441 3476 557 3539 missis
573 3476 750 3539 monachis
765 3494 904 3540 numero
918 3475 1022 3539 ferme
1037 3464 1153 3540 decem

195 3583 231 3640 et
258 3583 402 3657 septem,
430 3585 465 3641 et
499 3579 687 3661 praeposito
714 3579 839 3643 abbate
872 3599 913 3643 ac
946 3580 1153 3661 presbytero,

195 3676 380 3755 Ceolfrido,
396 3677 604 3744 Benedictus
619 3679 788 3757 consultu,
803 3680 906 3743 immo
923 3681 1027 3745 etiam
1040 3679 1154 3762 jussu,

238 3922 397 3988 ¹Epiatolom
417 3921 563 3995 paedagia]
609 3928 658 3978 See
689 3932 746 3977 octo
759 3942 839 3977 annos
854 3943 930 3990 quam
948 3928 1083 3990 praefatum
1100 3942 1152 3976 mo-

195 3997 232 4046 H.
245 3996 278 4046 E.
290 3998 326 4045 iv.
340 3999 380 4044 18.
689 4001 827 4048 casterium
856 4005 968 4047 statuere
1002 3994 1156 4059 coeperunt,'

230 4065 250 4094 ²⁸
267 4066 412 4116 ordinatum
430 4066 503 4130 esra]
532 4067 659 4132 Donasse,
690 4070 894 4131 thatin,inu.n.
908 4073 966 4128 682,
980 4069 1153 4129 accordingto

195 4137 286 4189 amul.
691 4139 734 4190 the
744 4141 883 4189 Narrative
895 4139 997 4203 printed
1009 4140 1035 4187 in
1047 4139 1090 4188 the
1099 4137 1154 4201 Ap·

230 4205 251 4237 ²⁹
267 4207 429 4272 Argmeatcre
440 4205 557 4280 curauit]
574 4210 660 4260 ‘Post
692 4212 797 4276 perdix,
810 4212 824 4274 ς
838 4214 878 4260 11.

242 4310 332 4357 ΤΟΜ.
350 4310 392 4356 ll.
872 4312 894 4357 L
