2850 4890
245 343 289 406 76
534 361 626 407 vira
643 359 671 407 s,
689 360 923 421 ouonnacrr,

71 525 105 574 Α.
116 526 216 576 nom.
245 517 383 582 flamma
396 518 552 583 nocebit?
596 518 789 602 Statimque
805 539 962 600 egressus
977 527 1058 584 ante
1078 520 1206 584 ostium

246 620 470 700 prosternitur
484 621 520 682 in
536 629 680 699 terram3
704 641 773 702 quo
787 621 898 685 adhuc
913 629 1043 698 orante,
1053 628 1206 686 mutatur

246 720 349 783 ssatus
365 729 553 797 ventorum,
567 721 769 803 spiransque
785 723 829 785 ab
850 741 976 786 occasu
992 729 1101 785 totum
1116 723 1206 786 tanti

246 821 394 884 incendii
414 821 603 902 pericnlum
620 822 665 885 ab
682 822 861 887 invasione
882 822 1022 900 villulae,
1037 842 1141 905 quam
1155 823 1206 886 vir

247 921 387 985 Domini
401 923 599 998 intraverat,
613 923 741 1006 rejecit.
1235 943 1249 984 5

291 1024 308 1107 ᾗ
322 1024 375 1088 22.
393 1022 519 1106 Sicque
528 1023 564 1087 in
574 1023 707 1087 duobus
719 1023 895 1088 miraculis
906 1024 1049 1088 duorum
1062 1023 1206 1088 Patrum

247 1132 301 1188 est
315 1125 459 1189 virtutes
473 1124 646 1203 imitatus3
671 1125 704 1186 in
722 1124 951 1206 phantasticis
966 1126 1101 1209 quidem
1118 1143 1205 1207 prae-

248 1226 333 1289 visis
356 1233 391 1289 et
414 1225 592 1289 evacuatis
612 1227 790 1304 incendiiS,
812 1228 973 1292 virtutem
994 1226 1205 1291 reverendis-

235 1327 324 1418 ·simi
341 1335 375 1390 et
390 1326 599 1390 sanctissimi
613 1327 722 1409 patris
737 1327 927 1405 Benedicti,
938 1327 997 1411 qui
1009 1326 1207 1391 simulatum

248 1428 292 1490 ab
305 1428 446 1509 antiquo
457 1426 555 1490 hoste
567 1429 667 1509 quasi
678 1429 835 1510 coquinae
845 1429 999 1493 ardentis
1010 1426 1206 1492 incendium
1218 1444 1249 1488 ro

248 1529 292 1591 ab
316 1528 425 1591 oculis
452 1529 696 1609 discipulorum
723 1529 851 1593 orando
876 1530 1031 1612 pepulit3
1053 1529 1089 1592 in
1114 1529 1206 1594 veris

248 1648 328 1693 vero
343 1649 441 1713 aeque
455 1629 555 1693 victis
568 1648 608 1692 ac
620 1631 757 1693 retortis
767 1631 896 1711 ignium
912 1630 1032 1712 globis
1044 1630 1207 1694 virtutem

250 1730 316 1793 viri
340 1729 545 1794 venerabilis
572 1728 769 1798 Marcellini
790 1728 1001 1796 Anconitani
1027 1731 1207 1807 antistitis,

247 1831 306 1914 qui
334 1832 472 1894 ardente
501 1829 621 1893 eadem
655 1831 808 1906 civitate,
836 1834 911 1914 ipse
946 1840 1067 1897 contra
1094 1831 1207 1912 ignem

245 1932 380 2015 positus
405 1931 534 1994 orando
562 1931 717 1996 flammas
743 1933 966 2014 compescuit,
990 1952 1078 2016 quas
1105 1939 1206 1996 tanta
1218 1949 1249 1994 1⁵

246 2034 371 2097 civium
382 2051 504 2096 manus
517 2052 643 2115 aquam
655 2032 863 2116 projiciendo
873 2035 1085 2117 nequiverat.
1130 2032 1207 2097 Nec

245 2134 434 2198 mirandum
443 2132 613 2216 perfectos
626 2141 661 2197 et
671 2133 818 2198 fideliter
829 2134 905 2199 Deo
916 2136 1102 2199 servientes
1115 2135 1207 2201 viros

247 2243 379 2300 tantam
395 2243 514 2299 contra
528 2234 598 2300 vim
612 2233 822 2298 flammarum
835 2235 991 2317 accipere
1007 2235 1207 2317 potentiam,

247 2338 304 2419 qui
317 2336 519 2419 quotidiana
533 2338 699 2401 virtutum
714 2336 884 2400 industria
899 2343 934 2400 et
946 2337 1121 2401 incentiva
1133 2355 1207 2399 suae

247 2440 359 2502 carnis
385 2438 554 2516 edomare,
578 2445 612 2502 et
640 2438 756 2501 omnia
782 2437 852 2500 tela
880 2438 1080 2520 nequissimi
1107 2438 1210 2519 ignea
1219 2455 1252 2500 ao

246 2548 372 2604 norunt
381 2541 617 2621 exstinguere3
632 2540 757 2622 quibus
768 2538 945 2620 aptissime
959 2539 1114 2620 congruit
1123 2538 1208 2601 illud

247 2642 496 2724 propheticum,
510 2648 520 2677 ‘
536 2641 621 2705 Cum
644 2641 820 2706 transieris
836 2641 872 2702 in
887 2639 965 2721 igne
985 2660 1054 2703 non
1070 2640 1209 2704 combu-

246 2744 340 2820 reris,
355 2751 390 2807 et
404 2745 542 2808 flamma
556 2764 624 2807 non
640 2745 773 2808 ardebit
787 2743 822 2805 in
837 2742 893 2805 te!
933 2741 982 2805 At
1003 2760 1066 2823 ego
1087 2747 1121 2804 et
1141 2741 1209 2803 mei

247 2843 377 2908 similes
393 2847 537 2927 propriae
553 2846 748 2928 fragilitatis
767 2852 803 2908 et
822 2844 955 2907 inertiae
970 2843 1110 2921 conscii,
1125 2841 1209 2905 certi

249 2944 386 3024 quidem
409 2966 527 3009 sumus
552 2947 636 3029 quia
657 2954 777 3011 contra
795 2948 907 3027 ignem
927 2944 1140 3009 materialem
1159 2943 1208 3006 nil
1219 2961 1251 3005 25

248 3043 318 3107 tale
335 3045 500 3109 audemus
513 3067 522 3125 3
543 3047 663 3109 incerti
684 3054 799 3109 autem
815 3066 860 3110 an
874 3046 985 3127 ignem
1000 3045 1096 3108 illum
1111 3044 1210 3107 inex-

248 3144 478 3226 stinguibilem
490 3147 614 3209 suturae
627 3147 865 3228 castigationis
879 3148 1047 3209 immunes
1062 3144 1208 3209 evadere

247 3262 423 3324 queamus,
468 3247 536 3310 Sed
559 3256 682 3329 potens
706 3255 759 3312 est
780 3255 814 3311 et
834 3248 931 3330 larga
949 3247 1064 3329 pietas
1085 3244 1208 3310 Salva-

247 3346 331 3408 toris
345 3348 464 3424 nostri,
479 3366 556 3430 quae
572 3347 721 3430 indignis
737 3349 836 3411 nobis
855 3355 891 3411 et
908 3366 1000 3410 nunc
1016 3345 1060 3411 ad
1076 3346 1208 3409 exstin-

247 3446 549 3526 guendavitiorum
560 3449 729 3525 incendia,
741 3449 829 3513 etad
841 3447 1038 3513 evadendas
1049 3446 1251 3511 infuturoso

246 3566 426 3630 poenarum
449 3549 616 3627 flammas,
635 3551 779 3630 gratiam
804 3569 876 3615 suae
899 3549 1121 3631 protectionis
1145 3550 1208 3614 im-

247 3647 386 3729 pendat.

291 3905 301 3933 ⁹
319 3902 465 3975 Benedicti]
483 3908 531 3957 See
543 3907 664 3958 ActaSS.
675 3914 706 3958 21
780 3908 798 3940 ¹³
815 3907 973 3977 Marcellini]
1008 3912 1055 3959 See
1076 3909 1143 3959 Acta
1162 3911 1207 3960 SS.

248 3979 329 4026 Marc.
744 3995 823 4029 mens.
836 3981 946 4031 Januar.
959 3991 1019 4030 tom.
1032 3984 1049 4029 i.
1063 3997 1088 4042 p.
1103 3986 1161 4029 590.

778 4047 798 4076 ²²
814 4046 1002 4118 Prophetiam]
1021 4053 1092 4101 Esai.
1104 4052 1169 4102 xliii.
1183 4056 1208 4100 2.
