2850 4890
425 399 609 448 Aucrnnu
627 399 716 446 vau.
735 398 846 446 rnna.
1056 382 1120 447 141

133 542 135 546 ’
156 558 314 636 residere,
328 556 548 638 nihilominus
564 558 652 640 ipse,
666 563 705 621 ut
725 558 824 622 bonae
844 558 969 623 indolis
985 559 1120 624 adoles·
1137 572 1171 622 Α.
1182 572 1215 622 1).
1224 575 1285 624 osa.

158 681 250 739 cens,
266 667 417 742 coeptum
438 659 619 724 confestim
640 661 785 743 explens
804 661 879 739 iter,
901 681 1035 727 summa
1055 663 1120 726 snb

156 761 377 825 festinatione
401 760 548 825 Romam
574 761 687 838 rediit,
714 769 865 845 tempore
892 765 990 848 cujus
1015 783 1121 846 supra
1139 782 1284 833 ancos.

157 864 270 927 beatae
296 863 468 927 memoriae
494 860 665 926 Vitaliani
694 882 815 945 papae3
847 871 881 928 et
911 885 980 928 non
1007 884 1121 948 pauca
1139 850 1257 951 ἒζζζξξῗΜ

127 965 311 1029 rescientiae
326 964 500 1041 salutaris,
515 963 800 1046 quemadmodum
820 972 855 1030 et
873 965 980 1047 prins,
994 966 1122 1030 hausta

159 1065 351 1141 dulcedine,
365 1072 448 1148 post
465 1083 602 1128 menses
624 1065 755 1147 aliquot
774 1065 854 1129 inde
871 1065 1063 1148 digrediens
1078 1066 1122 1130 ad

158 1167 309 1231 insulam
325 1165 550 1245 Lirinensem,
564 1166 690 1232 ibidem
705 1187 742 1232 se
758 1169 1002 1232 monachorum
1016 1169 1123 1232 ooetui

157 1269 312 1344 tradidit,
332 1275 508 1332 tonsuram
531 1268 676 1350 accepit,
697 1274 732 1332 et
755 1268 972 1352 disciplinam
992 1269 1124 1351 regula·

160 1389 230 1434 rem
250 1369 410 1433 monachi
426 1376 507 1433 voto
522 1369 706 1451 insignitus
726 1370 845 1435 debita
864 1391 941 1435 oum
960 1371 1125 1435 sollicitu-

116 1491 149 1536 ιο
161 1472 240 1536 dine
257 1473 427 1552 servavit3
450 1473 508 1535 ubi
522 1491 584 1555 per
596 1471 772 1535 biennium
786 1473 911 1536 idonea
922 1470 1123 1536 monasticae

161 1574 432 1639 conversationis
466 1573 622 1637 doctrina
654 1574 845 1653 institutus,
880 1594 997 1638 rursus
1031 1574 1124 1638 beati

161 1676 256 1740 Petri
265 1675 511 1757 Apostolorum
526 1675 691 1758 principis
704 1695 817 1740 amore
830 1677 998 1754 devictura,
1010 1694 1125 1740 sacra·

161 1785 234 1842 tam
249 1777 324 1860 ejus
339 1796 481 1859 corpore
496 1777 674 1842 civitatem
689 1779 851 1861 repedare
868 1777 1001 1842 statuit.

207 1878 271 1962 §a
302 1877 377 1942 Nec
396 1886 476 1960 post
495 1879 644 1960 longum,
665 1879 867 1944 adveniente
888 1899 977 1944 nave
996 1899 1126 1944 merca·
1144 1890 1221 1940 nn.
1234 1893 1292 1939 ear.

120 1981 265 2057 istoria,
297 1980 467 2044 desiderio
496 1980 673 2045 satisfecit.
738 1980 790 2045 Eo
822 1989 936 2046 autem
972 1989 1125 2065 tempore
1144 1958 1240 2059 ¹325in

163 2083 306 2146 miserat
330 2080 563 2162 Ecgberchtus
593 2081 856 2147 Cantuariorum
881 2103 944 2146 rex
969 2082 1011 2147 de
1036 2083 1127 2148 Brit·

164 2184 262 2247 tania
296 2183 442 2247 electum
482 2182 526 2246 ad
566 2183 787 2266 episcopatus
821 2183 968 2248 officium
1005 2185 1128 2263 virum,

164 2286 301 2349 nomine
326 2283 571 2365 Uigghardum,
592 2284 653 2366 qui
678 2304 700 2347 a
720 2283 888 2348 Romanis
906 2285 1001 2349 beati
1023 2305 1126 2369 papae

165 2384 324 2467 Gregorii
340 2384 520 2467 discipulis
535 2384 571 2446 in
587 2383 714 2449 Cautia
728 2384 840 2450 fuerat
855 2387 946 2450 omni
962 2386 1004 2450 de
1019 2387 1128 2451 eccle·

122 2507 154 2552 ao
167 2486 313 2552 siastica
333 2487 550 2551 institutione
572 2486 776 2551 sufficienter
796 2488 957 2569 edoctus3
986 2489 1128 2570 cupiens

167 2608 244 2653 eum
264 2589 329 2652 sibi
346 2587 468 2652 Romae
485 2587 636 2652 ordinari
651 2589 861 2672 episcopum,
876 2589 1040 2671 quatinus
1056 2607 1128 2652 suae

163 2690 275 2772 gentis
289 2697 324 2753 et
333 2689 460 2772 linguae
471 2689 601 2754 habeus
617 2691 818 2768 antistitem,
829 2699 927 2756 tanto
941 2689 1128 2773 perfectius

167 2811 244 2856 cum
267 2790 432 2874 subjectis
452 2791 518 2854 sibi
539 2790 688 2873 papalia,
711 2792 767 2856 vel
789 2794 901 2857 verbis
924 2793 1130 2856 imbueretur

168 2893 259 2971 fidei,
279 2892 335 2957 vel
354 2893 537 2976 mysteriis,
552 2900 682 2976 quanto
703 2892 776 2958 haec
796 2914 865 2957 non
885 2913 946 2977 per
964 2895 1130 2977 interpre-

125 3002 250 3073 nrtem,
274 2994 335 3058 sed
363 3014 426 3078 per
451 2996 589 3077 cognati
616 3003 651 3060 et
674 2995 874 3060 contribulis
894 2996 958 3061 viri
978 2997 1129 3078 linguam

169 3097 272 3161 simul
291 3116 497 3180 manumque
519 3098 719 3179 susciperet.
747 3096 837 3175 ‘Qui
852 3098 1011 3162 videlicet
1026 3097 1130 3180 Uicg·

168 3198 297 3264 hardus
319 3198 467 3262 Romam
489 3201 642 3276 venienS,
669 3218 747 3262 oum
769 3200 913 3277 cunctis,
932 3200 992 3283 qui
1013 3220 1129 3265 secum

169 3319 305 3378 venere,
324 3301 519 3379 comitibus,
539 3308 724 3383 antequam
748 3300 889 3381 gradum
909 3302 1131 3383 pontificatus

170 3402 370 3485 perciperet,
399 3403 517 3466 morbo
546 3402 735 3483 ingruente,
762 3399 943 3465 defunctus
970 3410 1034 3467 est.
1082 3402 1132 3466 At

128 3522 253 3568 sovero
278 3522 373 3586 papa
400 3503 624 3586 apostolicus,
653 3523 697 3566 ne
724 3502 901 3584 legatariis
926 3505 1131 3567 obeuntibus

171 3605 299 3689 legatio
321 3604 483 3687 religiosa
502 3605 652 3686 fidelium
672 3604 784 3669 fructu
804 3612 1018 3688 competente
1040 3624 1134 3669 care-

172 3712 235 3784 ret,
256 3706 343 3770 inito
362 3707 507 3771 consilio
527 3706 630 3789 elegit
648 3706 690 3770 de
709 3707 794 3785 suiS,
813 3725 914 3790 quem
940 3706 1133 3772 Brittanias

219 3968 229 3999 ²
246 3972 353 4034 Enniana
368 3971 437 4034 itea]
471 3972 596 4023 Florcnce
613 3973 642 4022 oi
671 3973 740 4023 third
750 3989 850 4036 voyage
860 3978 886 4023 to
896 3974 976 4022 Rome
989 3972 1050 4021 took
1059 3973 1134 4035 place

176 4042 324 4091 Woroenter
335 4043 423 4105 places
437 4043 488 4092 this
500 4056 527 4092 A.
539 4057 566 4093 n.
579 4048 638 4108 665,
672 4047 698 4093 in
711 4058 737 4096 n.
753 4057 779 4096 n.
792 4049 840 4094 667
853 4059 935 4094 acerna
951 4044 1021 4094 clear
1036 4043 1100 4090 froin
1119 4058 1135 4092 a

177 4113 239 4162 witb
252 4112 337 4174 whom
349 4113 432 4162 Smith
442 4128 542 4176 agrees.
672 4116 833 4177 comparison
859 4115 888 4163 of
910 4114 953 4163 the
977 4113 1042 4162 sacta
1066 4127 1135 4162 men-

673 4186 761 4236 tioned
779 4187 807 4235 in
824 4185 868 4235 tho
883 4184 919 4236 H.
932 4186 964 4234 E.
976 4185 1014 4235 iii.
1026 4187 1068 4250 29,
1086 4186 1136 4233 aud

213 4250 233 4281 ¹³
248 4253 489 4317 rememoratura]
511 4254 580 4304 Tbat
589 4255 641 4304 this
674 4256 708 4306 iv.
723 4260 747 4307 1.
