2850 4890
460 383 640 432 nucronn
658 385 745 432 vnn.
764 385 876 432 enon.
1107 370 1150 433 79

520 775 682 841 CAPUT
705 778 812 843 XVI.

236 941 382 1011 Qualiter
396 947 431 1008 in
446 945 703 1033 Lindisfurnensi
718 949 904 1025 monasterio
918 949 1036 1010 vicerit
1049 949 1098 1011 vel

595 1050 745 1113 docuerit.

190 1249 274 1332 525.
299 1250 385 1314 CUM
400 1270 479 1333 ergo
490 1252 696 1316 venerabilis
709 1253 849 1317 Domini
861 1251 1008 1315 famulus
1021 1250 1148 1314 multos
1163 1275 1202 1315 ni.
1212 1275 1318 1336 feriam

157 1371 172 1413 ⁵
184 1352 222 1415 in
235 1351 455 1418 Mailrosensi
468 1357 676 1420 monasterio
688 1357 815 1437 degens
831 1373 940 1418 annos
952 1353 1069 1416 multis
1080 1353 1148 1415 vir·
1162 1326 1274 1426 iiiiii*

187 1460 300 1516 tntum
315 1455 520 1537 spiritalium
534 1456 736 1520 claresceret
748 1457 865 1538 signis,
882 1454 1060 1519 transtulit
1071 1473 1148 1517 eum

187 1557 484 1621 reverentissimus
497 1560 604 1622 abbas
617 1559 728 1641 ipsius
740 1557 830 1621 Eata
844 1558 881 1619 in
895 1556 1148 1625 monasterium,

187 1658 280 1738 quod
299 1658 336 1720 in
351 1658 682 1724 Lindisfarnensium
700 1659 816 1722 insula
834 1659 938 1721 situm
961 1664 1025 1734 est,
1041 1663 1080 1720 ut
1099 1656 1148 1719 ibi

188 1760 486 1841 quoqueregulam
497 1760 707 1823 monachicae
719 1757 1148 1842 perfectioniS‚etProepo-

142 1878 175 1922 10
188 1861 247 1922 siti
267 1861 471 1924 auctoritate
493 1861 641 1938 doceret,
657 1868 692 1923 et
711 1861 869 1941 exemplo
883 1860 1019 1922 virtutis
1035 1865 1149 1922 osten-

187 1961 299 2041 deret3
333 1981 414 2026 nam
441 1970 477 2025 et
502 1963 615 2044 ipsum
637 1961 749 2024 locum
775 1968 856 2024 tunc
880 1959 970 2022 idem
992 1978 1148 2023 reveren-

186 2063 341 2126 tissimus
352 2070 452 2144 pater
463 2062 600 2126 abbatis
607 2061 685 2144 jure
696 2062 847 2143 regebat
880 2060 1003 2141 Neque
1021 2060 1148 2142 aliquis

186 2165 337 2241 miretur,
358 2164 448 2245 quod
470 2164 506 2226 in
531 2164 651 2225 eadem
676 2162 791 2226 insula
811 2160 1051 2225 Lindissamea
1070 2181 1147 2224 cum
1161 2183 1304 2244 specum„-

186 2264 384 2348 permodica
403 2266 459 2343 sit,
479 2272 515 2329 et
536 2284 641 2347 supra
660 2266 825 2348 episcopi,
845 2272 881 2328 et
900 2283 992 2326 nunc
1012 2261 1148 2327 abbatis
1162 2234 1296 2322 {iiit⁰¹'⁸‘¹·

144 2384 174 2428 15
187 2385 228 2430 ao
263 2366 505 2431 monachorum
532 2367 614 2431 esse
647 2367 760 2430 locum
790 2365 999 2444 dixerimus3
1031 2383 1149 2428 revera

186 2468 277 2530 enim
299 2469 352 2531 ita
371 2475 435 2532 est.
480 2468 642 2551 Namque
666 2489 737 2533 nna
763 2469 951 2550 eademque
974 2485 1147 2531 servorum

188 2569 255 2632 Dei
280 2569 449 2634 habitatio
476 2578 641 2654 utrosque
669 2571 769 2634 simul
797 2576 902 2647 tenet,
932 2571 999 2633 imo
1028 2587 1147 2631 omnes

185 2671 372 2736 monachos
386 2681 490 2737 tenet.
535 2672 649 2737 Aidan
669 2675 808 2757 quippe,
828 2673 887 2754 qui
907 2673 1037 2755 primus
1056 2669 1147 2752 ejus-

186 2774 264 2836 dem
287 2772 355 2838 loci
378 2775 563 2859 episcopus
589 2776 665 2851 fuit,
688 2773 877 2838 monachus
902 2779 988 2848 erat,
1016 2779 1053 2834 et
1075 2790 1148 2833 mo-

142 2872 364 2937 nonachicam
387 2895 464 2939 cum
490 2877 564 2940 suis
589 2878 746 2941 omnibus
766 2877 874 2939 vitam
898 2892 1032 2954 semper
1049 2892 1148 2954 agere

187 2975 331 3039 solebat.
376 2976 477 3040 Unde
493 2979 536 3041 ab
550 2978 611 3042 illo
626 2998 744 3041 omnes
759 2978 825 3040 loci
845 2975 956 3058 ipsius
972 2974 1147 3038 antistites

186 3095 297 3158 usque
322 3077 424 3141 hodie
447 3079 498 3142 sic
523 3080 719 3162 episcopale
744 3085 905 3142 exercent
929 3076 1087 3152 officium,
1110 3082 1149 3138 ut

186 3186 324 3258 regente
344 3180 587 3243 monasterium
609 3182 744 3256 abbate,
760 3199 862 3262 quem
883 3179 952 3261 ipsi
972 3197 1050 3241 cum
1070 3196 1150 3239 con-

187 3277 266 3341 silio
281 3278 441 3342 Fratrum
460 3281 633 3362 elegerint,
649 3300 766 3344 omnes
788 3279 989 3362 presbyteri,
1004 3278 1149 3354 diaconi,

142 3386 356 3457 accentores
379 3380 537 3460 lectores,
560 3383 733 3465 ceterique
761 3381 887 3463 gradus
913 3380 1150 3456 ecclesiastici,

185 3482 423 3546 monachicam
437 3503 498 3566 per
511 3485 626 3548 omnia
641 3504 718 3548 cum
731 3485 809 3566 ipso
820 3483 986 3565 episcopo
999 3482 1149 3564 regulam

186 3590 334 3647 servent
380 3583 495 3663 Quam
514 3585 654 3649 vivendi
674 3604 828 3648 normam
847 3585 992 3647 multum
1014 3602 1052 3646 se
1072 3581 1149 3645 dili-

188 3703 266 3765 gere
285 3686 445 3767 probavit
464 3688 587 3752 beatus
608 3705 702 3770 papa
720 3686 916 3769 Gregorius,
935 3705 1012 3750 cum
1033 3683 1150 3749 scisci·

232 4043 238 4072 ¹
260 4047 354 4095 creor
372 4014 461 4108 xri]
507 4047 561 4096 vn.
584 4045 650 4094 Met.
723 4043 740 4072 ¹¹
758 4046 840 4108 Ipsum
850 4043 944 4106 ocum]
963 4044 1012 4093 See
1025 4041 1061 4092 H.
1072 4041 1104 4089 n.
1113 4040 1148 4088 iv.

189 4118 253 4178 Cap.
266 4129 329 4176 xv.;
350 4117 404 4166 vit.
418 4114 501 4165 Anon.
514 4114 579 4181 §²⁸-
687 4116 728 4167 27.
