2850 4890
241 339 306 405 246
613 354 826 401 aereunrx.

244 503 446 563 abominabilis
464 503 532 561 Deo
553 511 584 561 et
602 503 716 562 cunctis
733 503 820 561 bonis
840 500 1018 560 homiuibus.
1062 500 1201 560 Incesta-

245 611 315 649 osos
338 609 407 647 vero
429 588 508 646 nullo
533 589 662 666 conjugii
686 588 803 646 nomine
830 584 1017 667 deputandos
1047 606 1065 644 a
1091 588 1202 646 sanctis

244 675 376 755 patribus
397 672 508 732 dudum
532 681 672 732 statutum
695 692 763 731 esse
784 672 918 749 legimus.
964 670 1042 730 Ideo
1063 671 1201 730 nolumus

246 780 299 818 nos
313 760 342 817 in
356 760 413 817 hac
427 779 458 817 re
473 779 492 817 a
504 759 590 816 vohis
610 759 672 819 sive
692 778 710 816 a
724 758 830 816 ceteris
846 756 984 815 fidelibus
999 755 1198 835 reprehendi;

247 845 317 924 quia
330 843 410 922 quod
426 845 453 902 in
468 845 514 902 his
529 843 695 921 Anglorum
709 843 788 921 genti
801 842 985 911 indulsimus,
1000 861 1060 899 non
1077 841 1201 900 formam
1224 856 1238 897 a

246 929 356 999 dando,
371 928 424 987 sed
445 927 660 987 considerando
681 948 718 986 ne
735 926 964 986 Christianitatis
980 927 1103 998 bonum,
1121 925 1201 1006 quod

246 1021 404 1093 coeperant,
418 1013 620 1093 imperfectum
634 1012 829 1081 demitterent,
844 1013 967 1090 egimus.

290 1098 423 1157 Paterna
446 1119 516 1176 ergo
543 1119 597 1157 vos
622 1098 780 1157 dilectione
803 1097 975 1165 salutantes,
999 1096 1152 1154 hortamur
1170 1105 1201 1154 ut

248 1185 414 1264 propositas
442 1184 658 1262 opportunitate
687 1184 860 1242 occasiones
887 1182 917 1240 in
941 1189 1043 1241 restra
1066 1178 1201 1240 efficacia

248 1270 361 1328 enixius
380 1269 530 1327 elaborare
546 1267 690 1339 debeatis,
705 1278 793 1347 atque
811 1268 840 1327 id
861 1266 968 1336 modis,
982 1267 1093 1345 quihus
1107 1267 1200 1347 possi·
1210 1281 1240 1324 lo

248 1355 306 1413 bile
339 1353 436 1422 fuerit,
463 1352 541 1412 omni
570 1353 668 1412 studio
697 1373 783 1432 agere
814 1351 1018 1420 contendatis;
1055 1360 1201 1431 quatenus

246 1438 435 1519 praedicabile
467 1437 644 1496 desiderium
671 1449 800 1497 vestrum
826 1439 854 1496 in
885 1437 1027 1496 auxilium
1060 1438 1200 1508 omniurn,

247 1525 405 1602 adjuvante
421 1522 560 1592 Domino,
576 1523 759 1602 compleatis.
804 1523 876 1582 Nec
890 1523 947 1581 hoc
961 1542 1082 1602 quoque
1097 1523 1127 1580 iu
1146 1523 1202 1581 hac

247 1608 453 1669 sollicitudinis
471 1619 553 1688 parte
572 1609 772 1688 relinquimus,
787 1608 869 1687 quod
886 1627 987 1666 omnes
1005 1608 1202 1667 incestuosia

247 1695 394 1753 liminibus
417 1703 529 1752 sanctae
549 1693 685 1753 ecclesiae
707 1695 766 1753 sint
784 1691 949 1773 separandi,
972 1712 1131 1772 quousque
1151 1712 1202 1771 per
1213 1704 1241 1749 le

247 1779 478 1839 satisfactionem
522 1779 659 1858 precibus
702 1778 889 1838 sacerdotum
927 1778 1070 1836 canonice
1106 1777 1202 1837 eidem

248 1873 359 1924 sanctae
386 1863 523 1921 ecclesiae
551 1865 705 1922 catholicae
733 1864 964 1923 reconcilientur.
1016 1861 1093 1922 Sunt
1127 1863 1203 1920 enim

247 1947 318 2007 mali
345 1946 519 2025 segregandi
547 1966 565 2004 a
592 1949 678 2007 honis
706 1959 737 2008 et
762 1950 852 2028 iniqrri
876 1968 894 2007 a
915 1948 1018 2026 justis,
1040 1955 1074 2006 ut
1095 1947 1201 2006 saltem

245 2036 353 2091 rubore
367 2052 421 2090 suo
436 2032 635 2091 conscientias
652 2055 721 2093 suas
737 2041 961 2111 recognoscant,
980 2042 1012 2091 et
1028 2040 1202 2092 convertan-

247 2126 293 2175 tur
306 2137 325 2175 a
338 2116 532 2196 pravitatibus
547 2118 619 2176 suis.
662 2119 709 2177 At
730 2119 755 2178 si
773 2117 983 2195 incorrigibiles
1001 2119 1200 2197 apparuerint,
1211 2130 1242 2174 uo

248 2213 438 2279 segregentur
463 2221 482 2259 a
509 2200 645 2261 fidelibus
671 2224 765 2283 usqne
790 2203 830 2265 ad
853 2202 1095 2273 satisfactionem,
1112 2205 1202 2282 juxta

248 2286 411 2347 Salvatoris
433 2286 553 2346 Domini
570 2290 755 2359 sententiam,
777 2290 929 2368 quainter
950 2300 1050 2347 cetera
1070 2287 1109 2346 de
1130 2308 1201 2366 pec-

248 2381 334 2432 cante
352 2373 381 2432 in
403 2393 435 2432 se
456 2371 544 2431 fratre
562 2375 775 2453 praecipiendo,
792 2375 843 2445 ait,
860 2381 868 2408 ‘
886 2373 918 2432 Si
936 2374 1107 2452 peccaverit
1125 2373 1201 2432 inte

245 2457 336 2516 frater
356 2467 435 2528 tuus,
450 2458 564 2537 corripe
579 2478 645 2517 eum
664 2461 785 2519 intorte
803 2469 834 2518 et
851 2461 948 2539 ipsum
969 2458 1074 2517 solum.
1121 2457 1155 2516 si
1171 2467 1201 2516 te

247 2542 380 2613 audierit,
396 2543 527 2601 lucratus
542 2544 599 2602 eris
612 2545 730 2604 fratrem
746 2551 838 2604 tuum.
883 2543 916 2603 si
931 2552 1102 2603 autemnon
1117 2543 1200 2602 audi·
1210 2558 1241 2602 25

249 2629 304 2687 erit
324 2637 364 2696 te,
380 2627 487 2686 adhibe
504 2637 603 2687 tecum
625 2650 713 2688 unum
733 2631 781 2689 vel
804 2630 892 2700 duos,
913 2636 946 2687 ut
962 2629 991 2686 in
1010 2648 1062 2687 ore
1077 2628 1201 2687 duorum

142 2776 146 2782 ¹
247 2712 295 2771 vel
316 2713 402 2769 trium
424 2714 541 2770 testium
563 2722 620 2772 stet
640 2735 725 2774 omne
742 2716 873 2774 verbum.
916 2713 1007 2779 Quod
1028 2714 1054 2773 si
1067 2723 1123 2772 'eos
1144 2734 1202 2772 non

247 2795 380 2866 audierit,
395 2795 444 2854 dic
458 2798 605 2858 ecclesiae.
652 2800 685 2859 Si
700 2810 798 2860 autem
818 2808 848 2858 et
863 2800 1021 2858 ecelesiam
1039 2819 1098 2858 non
1117 2799 1200 2858 audi-

247 2882 312 2949 erit,
335 2881 374 2939 sit
395 2882 447 2939 tibi
466 2883 543 2942 sicut
563 2885 698 2944 ethnicus
717 2894 747 2943 et
765 2885 959 2966 publicanus.'
1003 2883 1066 2942 His
1083 2892 1203 2962 ergoet

247 2966 313 3025 aliis
338 2966 437 3025 multis
458 2976 626 3028 sanctorum
646 2980 761 3050 patrum
782 2970 1006 3030 auctoritatibus
1026 2969 1202 3047 segregandi
1213 2984 1243 3029 eo

248 3059 316 3110 sunt
339 3051 408 3111 mali
435 3072 454 3110 a
479 3053 575 3123 bonis,
603 3075 639 3113 ne
660 3064 782 3135 pereant
798 3057 874 3134 justi
897 3076 951 3135 pro
971 3055 1099 3134 injustis,
1124 3054 1203 3115 sicut

248 3137 460 3215 scriptumest,
475 3144 484 3171 ⁴
501 3138 588 3197 Perit
602 3143 703 3217 justus
722 3162 776 3221 pro
794 3141 913 3220 impio;'
933 3140 1025 3199 debet
1041 3140 1118 3198 anim
1140 3138 1200 3198 dis—

246 3223 338 3283 cretio
359 3241 473 3301 semper
492 3221 555 3282 fieri
574 3225 648 3283 inter
668 3227 763 3285 honos
784 3236 815 3286 et
838 3227 943 3295 malos,
965 3227 1042 3284 sicut
1063 3234 1111 3284 est
1126 3225 1200 3284 inter

246 3306 350 3369 hoedos
375 3315 405 3367 et
430 3327 512 3366 oves.
561 3309 723 3370 Manifesta
751 3331 871 3390 quoque
898 3318 1025 3389 peccata
1049 3330 1108 3370 non
1133 3319 1202 3369 sunt

245 3393 365 3454 occulta
386 3392 568 3452 correctione
588 3396 752 3473 purganda,
767 3396 821 3455 sed
840 3397 939 3475 palam
960 3403 1028 3455 sunt
1046 3395 1238 3473 arguendi,an

246 3480 296 3559 qui
311 3478 409 3558 palam
424 3487 549 3546 nocent;
574 3487 605 3537 ut
624 3480 693 3539 dum
708 3490 811 3560 aperta
828 3482 1031 3560 objurgatione
1051 3488 1201 3552 sanantur,

245 3568 276 3638 ii,
293 3565 343 3644 qui
359 3584 410 3622 cos
425 3563 564 3623 imitando
579 3564 772 3645 deliquerant,
790 3570 980 3645 corrigantur.
1023 3566 1106 3624 Dum
1124 3568 1202 3625 enim

247 3672 322 3713 unus
337 3649 502 3727 corripitur,
516 3649 632 3728 plurimi
647 3651 852 3720 emendantur;
876 3663 906 3711 et
919 3653 1022 3710 melius
1037 3661 1132 3711 estut
1147 3673 1201 3731 pro

246 3738 402 3800 multorum
417 3734 512 3793 salute
524 3756 597 3794 rinus
610 3737 830 3813 condemnetur,
842 3757 931 3816 quam
944 3758 996 3816 per
1011 3738 1096 3795 unius
1110 3737 1201 3795 licen-

247 3828 316 3888 tiam
341 3820 424 3879 multi
447 3820 653 3900 periclitentur.
696 3823 767 3882 Nec
794 3824 897 3882 mirum
923 3824 948 3881 si
972 3824 1046 3880 inter
1067 3822 1242 3881 hominesoo

527 4087 546 4116 ²³
565 4085 631 4158 Au]
650 4092 686 4140 St.
701 4091 795 4141 uoatth.
808 4093 881 4139 xviii.
896 4095 935 4139 13.
