2850 4890
523 376 705 425 suenone
724 377 814 424 vsu.
830 377 942 424 suun.
1171 363 1215 425 55

254 534 451 614 declinavit,
473 537 659 620 statimque
683 544 811 602 retorta
833 538 886 602 vis
908 546 1097 613 ventorum,
1119 543 1212 600 rates

253 655 332 699 cum
353 636 418 713 his,
438 638 499 721 qui
528 638 709 716 ducebant,
731 640 969 721 gaudentibus
990 640 1140 721 integras
1167 638 1212 701 ad

254 743 378 800 terram
395 737 507 820 ejecit,
521 746 556 802 et
566 739 672 822 juxta
690 740 804 823 ipsum
821 741 1065 804 monasterium
1083 739 1117 801 in
1135 740 1212 802 loco

254 844 446 919 opportuno
461 840 632 922 deposuit.
677 841 845 906 Videutes
866 849 980 906 autem
1000 841 1119 904 rustici
1138 859 1213 903 eru·

223 937 398 1003 abuerunt
414 940 456 1003 de
476 960 541 1004 sua
560 941 774 1019 infidelitate,
789 941 889 1005 fidem
907 961 987 1006 vero
1007 941 1212 1006 venerabilis

197 1076 200 1083 ·
254 1037 438 1104 Gudbercti
450 1047 485 1104 et
494 1051 576 1106 tunc
587 1041 691 1106 laude
703 1042 807 1123 digna
817 1042 1063 1124 praedicabant,
1074 1047 1108 1103 et
1117 1040 1213 1103 dein-

252 1157 335 1221 ceps
345 1141 532 1223 praedicare
543 1143 742 1215 nullatenus
755 1146 958 1224 cessabant3
981 1143 1068 1206 adeo
1081 1148 1120 1204 ut
1129 1140 1213 1204 Fra-

253 1247 306 1304 ter
322 1242 462 1323 quidam
482 1245 591 1307 nostri
610 1246 810 1309 monasterii
826 1245 1099 1328 probatissimus,
1114 1241 1213 1324 cujus

227 1339 229 1344 ’
252 1339 328 1422 ipse
342 1340 416 1406 haec
432 1345 599 1408 relatione
612 1344 729 1423 didici,
740 1364 817 1409 sese
832 1345 907 1409 haec
921 1345 965 1409 ab
978 1362 1047 1407 uno
1061 1343 1212 1424 ipsorum

209 1458 241 1503 ro
254 1443 393 1507 rusticae
423 1445 655 1528 simplicitatis
685 1445 769 1523 viro,
799 1452 835 1510 et
863 1443 1048 1508 simulandi
1072 1460 1212 1524 prorsus

253 1541 383 1623 ignaro,
402 1563 520 1609 coram
545 1545 662 1610 multis
687 1565 781 1628 saepc
804 1544 1048 1610 assistentibus
1073 1543 1213 1607 audisse

254 1647 455 1710 sanaverit

566 1879 727 1945 CAPUT
749 1880 814 1945 IV.

257 2045 416 2115 Quomodo
425 2072 494 2113 cum
503 2050 818 2136 pastoribuspositus
828 2051 963 2113 unimam
974 2049 1077 2112 sancti
1087 2048 1213 2111 Aideni

209 2169 240 2213 15
345 2152 483 2236 episcopi
496 2152 542 2215 ud
554 2153 659 2216 celum
665 2151 754 2238 ferri
768 2150 809 2214 ab
823 2151 943 2235 angelis
957 2151 1125 2235 aspexerit.

254 2351 272 2434 ᾖ
286 2354 319 2416 7.
342 2351 401 2440 Ar
412 2353 471 2416 ubi
482 2353 703 2434 gubernatrix
716 2353 798 2419 vitae
808 2352 958 2415 fidelium
967 2351 1077 2432 gratia
1086 2349 1213 2414 Christi
1231 2364 1264 2412 Α.
1275 2364 1307 2412 n.
1320 2366 1379 2411 esi.

253 2452 364 2517 voluit
390 2453 555 2517 famulum
583 2474 683 2518 suum
711 2454 867 2518 arctioris
899 2453 1067 2536 propositi
1100 2452 1213 2516 subire
1229 2430 1383 2520 {iffflssffl

252 2554 423 2632 virtutem,
444 2555 576 2619 altioris
601 2556 732 2637 praemii
753 2555 894 2636 gloriam
916 2552 1111 2636 promereri,
1132 2570 1213 2613 con·
1228 2531 1387 2571 V⁰³¹‘⁶¹⁰¹¹⁵¹“’

252 2655 332 2737 tigit
351 2677 428 2720 cum
449 2658 590 2721 remotis
609 2658 645 2719 in
671 2658 844 2720 montibus
866 2656 1123 2719 commissorum
1147 2652 1213 2716 sibi

207 2773 242 2817 ao
256 2775 418 2835 pecorum
443 2775 543 2837 agere
563 2758 765 2820 custodiam.
812 2755 882 2834 Qui
903 2756 984 2819 dum
1004 2762 1104 2818 nocte
1129 2773 1214 2837 qua-

253 2856 343 2934 dam,
363 2857 610 2921 dormientibus
631 2859 747 2936 sociis,
769 2859 844 2939 ipse
863 2857 970 2939 juxta
992 2874 1117 2918 morem
1138 2874 1213 2937 per-

252 2959 335 3040 vigil
359 2960 395 3021 in
423 2961 577 3023 oratioue
606 2961 754 3038 duraret,
779 2960 866 3026 vidit
894 2960 1006 3022 subito
1030 2958 1143 3021 fusum
1171 2958 1213 3020 de

253 3060 343 3124 coelo
377 3061 494 3125 lumen
531 3063 663 3125 medias
698 3062 809 3143 longae
846 3061 957 3123 noctis
990 3058 1213 3140 interrupisse

254 3163 422 3226 tenebras.
468 3163 511 3227 In
530 3184 599 3245 quo
614 3164 808 3227 coelestium
824 3163 945 3226 choros
961 3161 1132 3243 agminum
1146 3166 1214 3223 ter-

208 3281 240 3325 2⁵
253 3283 325 3326 ram
336 3266 476 3346 petisse,
482 3285 546 3329 nec
556 3285 653 3329 mora
663 3274 778 3328 sumta
788 3284 904 3329 seeum
917 3263 1033 3327 anima
1044 3261 1213 3326 claritatis

255 3365 391 3428 eximiae
401 3366 577 3429 coelestem
589 3367 730 3429 rediisse
743 3366 787 3429 ad
797 3365 955 3447 patriam.
979 3362 1213 3445 Compunctus

254 3471 308 3544 est
326 3463 471 3527 multum
491 3464 556 3528 hoe
577 3465 655 3528 visu
677 3465 754 3528 Deo
774 3465 921 3528 dilectus
942 3463 1152 3539 adolescens,
1167 3463 1211 3525 ad

255 3564 465 3629 subeundam
488 3567 632 3647 gratiam
654 3567 808 3630 exercitii
828 3565 1005 3648 spiritalis,
1022 3584 1063 3628 ae
1081 3583 1212 3645 prome-

254 3667 369 3730 rendae
394 3668 483 3730 iuter
511 3667 711 3748 magnificos
742 3667 832 3731 viros
859 3668 940 3731 vitae
968 3665 1213 3746 felicitatisque

222 4010 231 4015 ,
292 3956 311 3986 ¹³
327 3960 419 4009 Curua
428 3955 491 4028 IV.]
510 3961 565 4011 Vit.
574 3962 639 4012 Met.
650 3962 716 4023 Cep.
754 3961 796 4010 the
819 3961 925 4022 locality
952 3960 981 4008 oi
1006 3959 1077 4008 these
1100 3973 1143 4007 see
1170 3957 1214 4006 the

255 4041 310 4088 rv.;
328 4030 383 4078 vit.
395 4031 480 4078 Anon.
494 4029 540 4096 §a
752 4031 918 4092 Anonymous
930 4029 997 4093 Life,
1009 4027 1022 4095 ξ
1034 4033 1058 4078 8.

292 4095 311 4126 ¹⁹
326 4100 433 4148 Remotis
450 4101 476 4148 in
493 4095 632 4167 montibu]
667 4101 717 4149 For
