2850 4890
392 370 441 418 nn
457 371 531 432 snx
549 370 749 420 ammaus
766 371 916 419 sucum.
1066 354 1130 420 183

174 553 389 619 quaecunque
406 536 475 620 ipsi
494 543 654 620 poteraut
672 536 792 600 ablata
811 536 854 600 ad
876 543 1008 619 patrem
1028 554 1128 600 suum
1144 549 1328 642 mmm

174 634 371 720 Philippum
394 640 573 721 pertulere.
620 639 685 704 Ille
709 638 890 704 confestim
912 638 999 714 haec,
1024 655 1130 719 supra
1144 659 1220 706 asro.
1250 657 1309 703 sco.

174 756 212 801 se
232 739 323 801 enim
341 740 490 805 ducebat
509 748 642 805 tantum
668 740 865 805 thesaurum
889 740 1036 822 propriis
1060 757 1129 802 ser-

172 857 253 902 vare
273 839 411 922 vigiliis,
430 840 475 905 ad
494 826 688 924 pontificem
704 841 903 918 maximum,
922 848 1002 903 tunc
1019 839 1129 903 Atha-

141 940 319 1018 unasium,
350 961 411 1024 per
444 942 623 1007 Julianum
656 942 838 1006 diaconum
873 960 972 1006 suum
1003 941 1130 1021 mittit;

174 1060 252 1122 quae
284 1041 343 1106 ille
375 1048 539 1124 suscepta
572 1043 693 1125 paucis
727 1043 874 1121 arbitrie,
908 1042 973 1106 suh
1005 1049 1129 1106 cavato

174 1143 317 1206 sacrarii
339 1145 469 1227 pariete
487 1144 633 1220 inclusa,
652 1144 854 1226 prophetico
871 1143 994 1227 spiritu
1016 1142 1130 1224 profu-

174 1248 252 1306 tura
264 1244 477 1325 generationi
491 1249 639 1327 posterae
650 1245 878 1321 conservavit,
889 1243 988 1327 cujus
1000 1262 1130 1326 praesa-

174 1343 267 1424 gium
299 1346 365 1409 sub
393 1345 590 1410 Theodosio
618 1346 774 1428 principe
806 1364 867 1428 per
902 1345 1129 1429 Theophilum
1203 1369 1216 1387 =

129 1463 162 1507 ιο
173 1444 326 1527 ejusdem
340 1447 434 1512 urbis
449 1447 649 1531 episcopum
665 1448 865 1531 completur,
880 1447 940 1530 qui
955 1447 1129 1510 destructo

174 1546 314 1631 Serapis
334 1549 526 1631 sepulchro,
552 1551 665 1614 sancti
687 1548 836 1614 Joannis
859 1547 986 1612 ibidem
1011 1564 1130 1611 conse·

173 1650 284 1713 oravit
297 1650 489 1715 ecclesiam.
1119 1731 1120 1735 Ἰ

216 1750 387 1818 Jovianus
406 1753 581 1817 mensibus
598 1769 678 1815 v111.
723 1749 884 1834 Synodus
900 1749 1093 1814 Antiochiae
1109 1768 1131 1813 a
1146 1768 1222 1815 sarr.
1256 1765 1313 1812 aaa.

175 1851 320 1918 Meletio
343 1860 379 1917 et
400 1855 472 1917 suis
496 1852 600 1931 sacta,
623 1853 659 1915 in
677 1871 748 1935 qua
770 1852 904 1915 omousio
923 1851 1131 1934 anomoioque

134 1973 164 2016 15
177 1953 319 2037 rejecto,
338 1955 488 2018 medium
507 1955 598 2018 inter
613 1954 689 2018 haec
703 1954 893 2018 cmoiomion'
909 1953 1133 2018 Macedonia-

175 2076 257 2119 num
278 2056 402 2138 dogma
421 2055 692 2120 vindicavemut.
732 2055 902 2120 Jovianus
922 2056 1024 2138 lapsu
1042 2053 1132 2119 Con·

175 2158 297 2222 stantii
327 2156 592 2240 praedecessoris
630 2156 836 2234 admonitus,
871 2154 1067 2220 honorificis
1097 2163 1133 2219 et

177 2257 436 2322 officiosissimis
456 2258 565 2321 literis
583 2256 814 2321 Athanasium
831 2258 982 2340 requirit,
997 2255 1132 2339 abipso

176 2360 319 2423 formam
333 2359 413 2423 fidei
428 2366 462 2423 et
477 2359 699 2423 ecclesiarum
713 2358 1002 2442 disponendarum
1017 2377 1133 2421 susce-

133 2480 166 2525 ao
178 2461 232 2544 pit
250 2462 409 2542 modum3
432 2461 493 2525 sed
514 2460 589 2544 ejus
609 2461 668 2542 pia
685 2460 835 2544 laetaque
854 2458 1025 2543 principia
1042 2478 1132 2523 mors

175 2564 530 2646 immaturacorrnpit.

227 2663 493 2730 Valentinianus
521 2685 599 2728 cum
627 2663 732 2727 fratre
750 2662 910 2736 ,Valente
945 2663 1044 2726 annis
1075 2679 1131 2727 x1.
1147 2679 1222 2727 raas.
1257 2679 1315 2725 aar.

176 2767 388 2851 Apollinaris
403 2765 619 2831 Laodicenos
635 2766 819 2849 episcopus
834 2764 1036 2827 multimoda
1053 2784 1133 2828 nos·

177 2878 241 2935 trae
255 2869 428 2952 religionis
448 2870 578 2951 scripta
599 2869 787 2950 componit,
798 2867 858 2950 qui
880 2873 1004 2948 postea
1026 2887 1048 2931 a
1066 2867 1132 2931 fide

134 2991 166 3035 aa
178 2970 320 3035 devians
340 2969 496 3034 haeresim
516 2971 570 3034 sui
587 2969 735 3033 nominis
753 2968 913 3032 instituit.
959 2967 1134 3032 Damasus

178 3071 301 3137 Roma
323 3071 507 3155 episcopus
524 3070 607 3134 fecit
626 3069 806 3134 basilicam
818 3069 925 3151 juxta
946 3068 1134 3132 Theatrum

179 3173 310 3237 Sancto
331 3171 528 3249 Laurentio,
557 3179 592 3236 ct
618 3171 721 3235 aliam
743 3170 780 3233 in
808 3169 1050 3247 catacumbas
1074 3171 1133 3235 ubi

174 3275 359 3359 jacuerunt
385 3292 530 3356 corpora
556 3280 679 3337 sancta
713 3272 946 3355 apostolorum
974 3271 1070 3335 Petri
1098 3279 1134 3337 et

180 3375 292 3454 Pauli,
306 3376 342 3438 in
359 3395 428 3458 quo
439 3376 517 3440 loco
531 3374 721 3459 platoniam
739 3375 864 3457 ipsam,
878 3375 937 3439 ubi
950 3373 1134 3456 jacuerunt

137 3497 169 3542 ao
180 3495 323 3559 corpora
353 3484 486 3554 sancta,
515 3477 672 3542 versibus
700 3477 890 3541 edomavit.
934 3475 1065 3539 Valens
1089 3476 1133 3540 ab

180 3578 338 3642 Eudoxio
363 3577 567 3641 Arianorum
591 3578 755 3661 episcopo
779 3578 974 3660 baptizatus·
997 3584 1134 3640 nostros

179 3679 404 3764 persequitur.
446 3677 635 3743 Gratianus
659 3678 896 3742 Valentiniani
920 3677 1009 3740 filius
1023 3673 1135 3756 tertio
1211 3712 1215 3717 ·

182 3782 258 3866 ejus
278 3799 369 3845 anno
388 3779 572 3843 Ambianis
594 3779 778 3861 imperator
798 3778 912 3843 factus
936 3784 1000 3840 est.
1046 3777 1136 3842 Con-

182 3880 405 3964 stantinopoli
442 3881 675 3963 apostolorum
710 3880 906 3963 martyrium
948 3878 1136 3942 dedicatur.

400 4102 420 4155 a
441 4104 643 4167 araneam]
663 4105 742 4154 aa.
755 4109 778 4168 1,
792 4104 905 4171 mser.
