2850 4890
475 354 656 404 sucronu
674 355 761 403 vsu.
779 357 893 404 suos.
1122 340 1166 406 87

207 513 356 578 cluditur
382 515 417 578 in
447 535 510 579 suo
539 517 757 595 monasterio,
785 526 890 600 atque
919 520 962 583 ab
991 518 1164 584 hominum
1182 531 1333 583 anuto.

205 622 356 678 remotus
382 617 591 699 aspectibus,
614 618 804 682 solitariam
828 620 863 682 in
880 619 1035 704 jejuniis,
1061 622 1164 684 orati·

205 716 340 794 onibus,
364 724 400 780 et
424 717 554 799 vigiliis
581 719 683 782 discit
712 739 812 802 agere
840 721 960 796 vitam,
986 739 1062 784 raro
1086 740 1164 783 cum

204 815 466 881 advenientibus
486 818 529 882 de
549 817 643 882 intus
664 819 796 884 babens
815 820 1033 902 colloquium,
1048 827 1084 884 et
1098 821 1163 886 boc

174 935 264 998 oper
292 916 498 999 fenestram3
521 938 590 1001 qua
617 920 775 1001 primitus
801 927 924 1001 aperta
953 927 989 983 et
1010 920 1119 985 videri
1142 941 1163 984 a

203 1015 593 1097 Fratribus,etFratres,
602 1039 690 1101 quos
702 1021 952 1103 alloquebatur,
961 1021 1036 1102 ipse
1046 1020 1163 1086 videre
1248 1065 1251 1071 ·

202 1118 394 1198 gaudebat:
433 1121 525 1197 exin,
557 1121 763 1202 procedente
792 1129 954 1202 tempore,
983 1129 1019 1184 et
1050 1121 1163 1202 ipsam

203 1219 359 1297 occlusit,
385 1240 449 1284 nec
477 1221 546 1284 nisi
573 1222 628 1287 vel
662 1222 785 1286 dandae
820 1222 1079 1299 benedictionis,
1108 1223 1163 1287 vel

202 1316 346 1382 alterius
374 1319 559 1402 cujuslibet
582 1329 683 1385 certae
709 1322 927 1386 necessitatis
950 1322 1061 1404 gratia
1083 1343 1162 1407 pos-

160 1437 191 1481 ιο
203 1427 302 1484 cente
317 1421 503 1485 reserabat.

535 1740 695 1805 CAPUT
718 1741 831 1806 XIX.

203 1921 351 1992 Qualiter
370 1950 391 1990 a
411 1949 513 2007 messe,
527 1949 619 2012 quum
637 1949 694 1990 suu
714 1949 806 1991 mauu
825 1940 956 2005 sevam,
970 1927 1061 1992 verbo
1075 1929 1127 1992 ool
1145 1965 1160 1976 ·

565 2049 630 2091 cres
645 2027 794 2112 adaperit.

201 2228 286 2312 §33
304 2229 357 2292 Er
369 2230 514 2312 primum
523 2228 660 2311 quidem
668 2227 902 2311 permodicum
911 2229 955 2292 ab
967 2229 1016 2292 eis
1025 2249 1160 2312 panem,
1179 2248 1281 2310 santus.
1292 2250 1327 2288 ue

157 2349 187 2393 15
200 2350 269 2413 quo
284 2337 489 2407 vesceretur,
505 2329 709 2412 accipiebat,
725 2348 766 2392 ac
782 2349 845 2392 suo
860 2329 1000 2393 bibebat
1014 2350 1033 2393 e
1047 2329 1160 2401 fonte3
1179 2301 1302 2389 lll'ldllm

198 2432 417 2514 postmodum
446 2451 527 2496 vero
556 2431 694 2514 proprio
723 2450 886 2493 manuum
910 2430 1037 2510 labore,
1056 2431 1161 2513 juxta

198 2532 358 2614 exempla
386 2532 540 2608 Patrum,
568 2532 683 2596 vivere
712 2532 821 2613 magis
851 2535 970 2614 aptum
1002 2533 1158 2597 ducebat.

199 2631 354 2715 Rogavit
373 2652 451 2714 ergo
472 2631 598 2695 adferri
620 2631 686 2695 sibi
705 2632 942 2708 instrumenta,
956 2633 1080 2714 quibus
1094 2640 1160 2696 ter-

197 2753 272 2798 ram
287 2739 472 2829 exerceret,
487 2740 522 2796 et
537 2732 687 2795 triticum
702 2731 793 2815 quod
811 2740 956 2813 sereret3
980 2731 1040 2795 sed
1060 2733 1160 2795 semi-

153 2853 186 2897 20
198 2841 283 2898 nata
297 2853 402 2898 verno
417 2842 569 2916 tempore
585 2841 675 2897 terra
689 2834 803 2897 nullos
818 2853 928 2916 usque
948 2833 993 2897 ad
1012 2833 1160 2896 medium

199 2936 333 2999 aestatis
361 2935 510 2999 reddidit
537 2935 681 2999 fructus.
740 2933 840 2998 Unde
869 2934 1093 3000 visitantibus
1122 2953 1160 2997 se

194 3036 300 3119 juxta
317 3055 444 3100 morem
465 3036 654 3113 Fratribus,
672 3035 790 3100 aiebat
809 3035 861 3100 vir
882 3035 959 3113 Dei,
974 3041 985 3070 ‘
1001 3035 1160 3099 Forsitan

199 3143 260 3199 ant
282 3135 414 3199 telluris
434 3135 577 3218 hujusce
597 3143 733 3211 natura,
749 3142 809 3198 aut
823 3136 984 3200 voluntas
1005 3136 1072 3200 Dei
1091 3155 1160 3198 non

199 3243 264 3315 est,
278 3243 318 3299 ut
330 3236 395 3299 boc
410 3236 446 3298 in
461 3235 538 3298 loco
552 3235 634 3298 mihi
648 3235 800 3299 triticum
816 3244 996 3317 nascatur3
1020 3236 1159 3315 adferte,

153 3358 186 3402 as
199 3357 292 3420 rogo,
316 3336 489 3414 hordeum,
516 3336 547 3399 si
574 3335 662 3399 sorte
687 3336 743 3399 vel
768 3335 852 3399 illud
877 3334 1023 3400 fructum
1049 3336 1160 3400 facere

196 3438 318 3520 possit.
365 3435 466 3515 Quod
487 3437 518 3499 si
538 3456 601 3499 nec
621 3436 673 3499 illi
694 3436 790 3500 Deus
814 3436 1056 3501 incrementum
1077 3438 1158 3501 dare

198 3539 353 3614 voluerit,
369 3539 479 3601 satius
496 3543 550 3600 est
565 3557 618 3601 me
634 3538 678 3601 ad
695 3539 890 3601 coenobium
906 3539 1039 3615 reverti,
1054 3557 1157 3620 quam

105 3720 109 3726 Ι
199 3640 311 3701 alieno
341 3638 395 3700 bic
424 3638 540 3701 labore
571 3639 779 3702 sustentari.'
826 3636 1049 3722 Allatumque
1081 3638 1158 3700 bor-

199 3739 298 3802 denm
322 3737 402 3800 dnm
419 3739 510 3803 ultra
532 3758 632 3802 omne
650 3747 784 3821 tempus
808 3741 952 3818 serendi,
974 3740 1065 3803 ultra
1087 3758 1158 3801 om-

369 4059 387 4088 ¹²
403 4063 497 4111 Curcr
510 4061 599 4123 XIX]
618 4062 671 4111 vit.
684 4063 748 4114 Met.
762 4065 826 4124 Cap.
840 4075 905 4112 xvu.
