2850 4890
254 341 317 404 198
448 361 534 407 van.
555 361 663 408 auom
681 359 918 421 cunourcorr,
934 359 1018 406 srva

114 530 177 572 suno
298 511 546 578 Constantinus
566 515 656 579 filius
677 516 895 582 Constantini
914 517 1100 600 superioris
1120 519 1206 599 regis

57 580 141 684 'illl
152 582 237 685 effi
254 613 353 675 annis
370 630 467 678 xvu.
504 616 666 680 Saraceni
680 618 833 682 Siciliam
847 618 1025 694 invadunt,
1040 626 1076 683 et
1089 619 1206 701 praeda

257 714 361 777 nimia
384 734 500 778 secum
525 717 652 795 ablata,
678 738 759 781 mox
782 718 1030 782 Alexandriam
1055 719 1207 783 redeunt.

257 815 395 896 Agatho
417 837 511 900 papa
530 839 573 883 ex
593 828 714 902 rogatu
736 819 966 897 Constantini,
987 819 1153 896 Heraclii,
1175 828 1210 884 et

258 916 397 999 Tyberii
422 920 613 1002 principum
638 921 879 1003 piissimorum,
902 920 997 985 misit
1021 922 1057 984 in
1082 922 1247 1002 regiamr

258 1020 376 1082 urbem
395 1020 527 1102 legatos
549 1040 642 1099 suos,
664 1021 700 1085 in
724 1022 847 1104 quibus
869 1029 942 1085 erat
960 1020 1118 1086 Joannes
1138 1022 1209 1087 Ro-

259 1139 370 1185 manae
399 1122 554 1186 ecclesiae
583 1131 664 1186 tunc
691 1122 869 1200 diaconus,
897 1142 967 1186 non
998 1123 1100 1205 longe
1130 1132 1209 1206 post

258 1223 452 1304 episcopus,
466 1243 527 1305 pro
542 1223 751 1287 adunatione
763 1223 922 1289 facienda
935 1233 1134 1289 sanctarum
1144 1225 1211 1291 Dei

257 1324 497 1405 ecclesiarum3
520 1325 577 1407 qui
593 1325 833 1406 benignissime
849 1327 1001 1408 suscepti
1017 1346 1039 1389 a
1054 1345 1211 1391 reveren-

260 1425 393 1489 tissimo
404 1426 483 1489 tidei
496 1425 674 1491 catholicae
684 1425 862 1490 defensore
874 1425 1114 1504 Constantino,
1120 1427 1211 1511 jussi
1224 1446 1252 1491 ro

259 1534 350 1604 sunt,
365 1527 517 1591 remissis
537 1527 827 1609 disputationibus
846 1528 1104 1611 philosophicis
1119 1530 1213 1612 paci-

259 1629 323 1691 fico
345 1628 516 1711 colloquio
531 1629 573 1692 de
592 1629 658 1692 fide
672 1649 755 1695 vera
774 1631 979 1714 perquirere,
995 1630 1087 1695 datis
1102 1631 1153 1694 eis
1169 1630 1212 1694 de

259 1728 464 1794 bibliotheca
488 1730 873 1814 Constantinopolitano
896 1731 1029 1795 cunctis
1051 1733 1213 1814 antiquo·

258 1848 332 1892 rum
355 1831 507 1909 Petrum,
527 1851 615 1915 quos
640 1833 814 1914 petebant,
837 1832 972 1895 libellis.
1016 1831 1213 1897 Adfuerunt

261 1940 376 1996 autem
402 1940 437 1995 et
462 1934 615 2015 episcopi
636 1951 694 2011 ce,
713 1934 919 2016 praesidente
940 1932 1087 2016 Georgio
1107 1935 1252 2016 patri-15

260 2034 364 2097 archa
379 2034 479 2115 regiae
495 2035 599 2112 urbis,
614 2043 649 2100 et
663 2034 855 2100 Antiochiae
874 2034 1051 2115 Macari0;
1082 2043 1118 2098 et
1132 2055 1213 2098 con-

259 2135 341 2199 victi
369 2144 449 2198 sunt
474 2137 534 2218 qui
557 2154 661 2197 unam
686 2137 898 2199 voluntatem
921 2143 957 2199 et
979 2137 1213 2216 operationem

260 2240 458 2300 astruebant
467 2237 502 2299 in
513 2235 648 2299 Christo
657 2235 804 2300 falsasse
815 2237 956 2300 Patrum
967 2235 1213 2301 catholicorum

259 2338 352 2401 dicta
360 2337 576 2419 perplurima.
607 2337 723 2400 Finito
735 2344 849 2400 autem
862 2336 1033 2413 conflictu,
1045 2335 1215 2420 Georgius

259 2447 431 2502 correctus
447 2445 511 2514 est,
526 2437 702 2502 Macarius
717 2456 798 2500 vero
815 2457 892 2499 cum
908 2436 980 2500 suis
995 2440 1214 2520 sequacibus,
1225 2458 1254 2504 ao

260 2538 360 2600 simul
384 2546 418 2602 et
440 2538 750 2621 praedecessoribus
774 2537 876 2620 Cyro,
898 2538 1026 2620 Sergio,
1047 2539 1215 2618 Honorio,

260 2638 401 2722 Pyrrho,
430 2638 542 2703 Paulo
569 2647 604 2704 et
632 2638 735 2703 Petro
767 2639 1086 2717 anathematizatus
1115 2650 1151 2704 et
1178 2642 1215 2704 in

259 2741 372 2803 locum
395 2740 469 2824 ejus
493 2740 737 2823 Theophanius
765 2742 873 2803 abbas
899 2741 940 2804 de
967 2740 1087 2804 Sicilia
1115 2740 1216 2806 Anti·

260 2840 367 2905 ochiae
392 2843 575 2924 episcopus
599 2841 732 2921 lactus3
754 2849 920 2925 tantaque
945 2842 1057 2922 gratia
1081 2843 1215 2925 legatos

260 2943 438 3006 catholicae
448 2944 546 3024 pacis
558 2943 720 3005 comitata
730 2949 794 3019 est,
803 2942 1003 3006 utJoannes
1013 2942 1216 3009 Portuensis
1228 2964 1258 3008 aa

260 3044 455 3125 episcopus,
469 3043 527 3125 qui
550 3050 625 3106 erat
645 3062 733 3104 unus
755 3063 799 3106 ex
818 3043 914 3124 ipsis,
928 3043 1099 3108 dominica
1120 3053 1217 3108 octa-

259 3164 380 3208 varum
392 3143 537 3208 Paschae
556 3145 680 3206 missas
696 3144 852 3224 publicas
868 3143 903 3205 in
920 3145 1065 3208 ecclesia
1083 3155 1217 3211 sanctae

261 3244 400 3326 Sophiae
420 3264 534 3308 coram
550 3245 704 3327 principe
720 3253 755 3309 et
774 3245 971 3326 patriarcha
985 3246 1108 3310 Latine
1127 3249 1218 3312 cele·
1297 3247 1299 3251 ’

259 3346 384 3408 braret.
430 3345 518 3408 Haec
534 3354 588 3408 est
603 3345 713 3409 Sexta
728 3346 888 3429 Synodus
908 3349 1110 3412 universalis
1126 3349 1218 3411 Cou-

260 3446 486 3527 stantinopoli
496 3448 669 3509 celebrata
679 3455 713 3510 et
723 3445 847 3510 Graeco
857 3467 1010 3511 sermone
1022 3450 1220 3532 conscripta
1232 3469 1264 3514 ab

162 3560 165 3564 ’
260 3547 468 3628 temporibus
488 3567 588 3628 papae
610 3547 813 3629 AgathoniS,
835 3555 1045 3631 exsequente
1069 3567 1109 3610 ac
1132 3552 1219 3613 resi-

289 3843 310 3872 ²⁹
326 3846 401 3894 Sexte
421 3840 552 3911 synodo]
587 3846 641 3893 The
661 3860 718 3906 pro·
755 3846 849 3907 having
880 3847 921 3894 led
953 3852 977 3893 to
1004 3847 1046 3894 the
1074 3849 1163 3909 Synod
1190 3853 1222 3899 of

258 3916 379 3976 readings
407 3916 435 3962 of
458 3916 509 3963 this
537 3917 646 3963 Couneil
674 3931 718 3963 are
755 3917 913 3964 Heathtield.
951 3917 999 3963 See
1013 3917 1138 3965 H.E.1v.
1152 3922 1217 3971 xvii.

257 3986 400 4044 intimately
429 3987 566 4033 connected
587 3986 648 4032 with
674 3986 717 4033 the
754 3986 846 4048 §301;
865 3986 995 4047 Spelman,
1009 3987 1087 4036 Conc.
1099 3988 1117 4036 i.
1131 3992 1188 4039 157.

256 4055 716 4116 ecclesiasticalhistoryofEngland‚
