2850 4890
570 372 785 421 ΑῬΡΕΝΒΙΧ.

527 789 728 850 NUMBER
751 789 814 849 IX.

362 1079 504 1153 VITA
544 1081 581 1155 S.
622 1064 980 1171 CUTHBERTL

413 1280 652 1340 AUCTORE
683 1280 942 1348 ANONYMQ

582 1544 752 1632 Prologus

183 1681 481 1783 51.ῬΒ]ΕοΕΡΤ13
498 1709 556 1767 tuis
578 1710 699 1781 utinam,
720 1718 821 1769 sancte
838 1711 979 1790 episcope
994 1709 1148 1783 Eadfride,
1173 1725 1315 1779 stopeorne

155 1815 214 1866 aet
226 1807 317 1867 totins
333 1806 464 1877 familiae,
482 1815 542 1866 tam
562 1807 673 1867 affectu
691 1808 808 1868 valeam
828 1828 942 1887 parere,
961 1829 1050 1888 quam
1065 1817 1146 1870 voto.
1171 1782 1322 1879 llilllllll

184 1905 241 1964 Est
256 1905 334 1963 euim
353 1905 424 1964 milri
438 1913 468 1964 et
481 1905 539 1963 hoc
554 1925 630 1985 opus
651 1904 787 1976 arduum,
804 1914 834 1965 et
855 1925 929 1965 meae
947 1906 1146 1985 intelligentiae
1169 1879 1253 1971 liliis
1260 1882 1295 1920 ωε

180 2001 309 2062 facultas
324 2004 443 2081 exigua.
486 2002 554 2080 Ego
569 2010 667 2062 autem
684 2002 767 2083 quod
785 2002 824 2063 ad
842 2024 889 2062 me
908 2005 1043 2083 pertinet,
1058 2005 1147 2065 etiam

182 2101 208 2159 si
230 2099 368 2162 delicatae
384 2101 515 2159 materiae
536 2120 657 2180 superer
675 2103 851 2181 quantitate,
869 2101 943 2161 satis
960 2102 1067 2173 babeo,
1080 2104 1148 2180 jus·

182 2199 258 2257 sioni
272 2207 379 2259 vestrae
394 2198 599 2279 possibilitatis
613 2218 699 2270 mem,
715 2198 913 2259 obedientiam
932 2219 989 2257 non
1004 2198 1147 2271 defuisse,

142 2311 173 2356 ro
185 2317 252 2374 qnae
266 2297 382 2355 tametsi
396 2297 587 2355 ministerium
601 2297 718 2356 minime
732 2297 863 2377 explevit
882 2297 1055 2375 injunctum,
1067 2306 1147 2357 certe

182 2392 317 2453 debitum
339 2394 468 2455 exsolvit
491 2395 676 2473 obsequium.
718 2393 846 2473 Vosque
870 2393 1025 2473 deprecor,
1052 2403 1096 2465 ut,
1121 2395 1147 2454 si

180 2491 333 2572 quidpiam
348 2512 436 2552 secus
450 2512 538 2571 qnam
557 2492 703 2563 voluistis,
723 2493 899 2572 provenerit,
916 2492 1145 2551 imbecillitatem

180 2609 279 2648 meam
306 2599 396 2669 atque
424 2608 498 2649 onus
523 2590 691 2668 impositum
719 2610 805 2669 aequo
827 2591 900 2666 jure
920 2588 1144 2668 perpendentes,

180 2686 344 2766 imperfecti
360 2688 492 2746 laborem
509 2688 629 2765 negotii,
650 2686 739 2747 officii
761 2687 854 2765 magis
874 2687 1036 2758 aestimetis,
1055 2707 1144 2766 quam

140 2785 287 2844 lameriti.
331 2784 496 2844 Maximum
506 2785 581 2845 enirn
592 2785 731 2843 indicium
740 2802 812 2863 erga
821 2805 876 2845 vos
885 2804 959 2843 meae
973 2786 1143 2844 reverentiae

180 2891 227 2941 est
245 2882 374 2961 imperiis
387 2883 494 2944 vestris
509 2883 635 2962 amplius
648 2903 696 2941 me
714 2882 881 2964 impendere
898 2881 1040 2953 voluisse,
1054 2902 1143 2962 quam

180 2999 302 3059 possim.

219 3082 276 3150 §2
299 3076 392 3142 Quod
411 3078 436 3136 si
454 3077 573 3155 dignum
592 3077 704 3158 aliquid
718 3084 825 3137 vestrae
840 3076 958 3136 lectioni
972 3065 1141 3149 confecero,

177 3173 209 3233 id
224 3175 278 3234 erit
292 3175 425 3254 profecto
445 3175 535 3234 divini
552 3178 690 3236 muneris.
730 3175 807 3234 Tum
828 3176 914 3234 etiarn
934 3175 1141 3236 benevolentia

136 3288 167 3332 20
179 3280 278 3331 vestra
295 3260 401 3332 inertes
416 3294 534 3353 quoque
549 3273 587 3332 ad
602 3273 764 3352 profectum
783 3273 904 3342 excitat,
918 3293 974 3333 uec
991 3271 1140 3334 dubitatur

176 3371 307 3450 ipsorum
325 3369 385 3428 fide
405 3369 626 3450 perficiendum,
644 3391 768 3450 qnorum
790 3379 836 3430 est
854 3370 1057 3430 adhortatione
1073 3393 1138 3430 sus-

177 3476 313 3546 ceptum;
348 3488 416 3526 enm
442 3469 511 3527 mihi
534 3469 652 3547 quoque
677 3467 788 3527 fidncia
815 3467 849 3527 fit
874 3489 1014 3548 peragere
1037 3490 1137 3548 posse,

177 3564 258 3644 quod
276 3564 446 3645 praecipitis,
462 3565 558 3643 quiid
577 3573 637 3624 tam
655 3564 837 3625 confidenter
857 3566 1016 3644 injungitis.
1060 3566 1138 3631 Quis

91 3888 93 3893 ,
222 3837 402 3902 ⁴Proeceptis.]
439 3839 501 3887 This
520 3853 641 3900 passage,
675 3840 727 3888 late
740 3844 766 3887 tn
777 3839 859 3886 whom
869 3837 1088 3887 Bedadedicated
1097 3839 1137 3886 his

177 3924 207 3958 aa
223 3909 263 3958 far
280 3924 308 3959 as
328 3911 371 3960 the
388 3911 527 3971 beginning
543 3910 599 3973 of§
617 3914 641 3968 3,
675 3924 749 3970 prose
768 3909 813 3957 life
832 3909 861 3956 of
875 3910 912 3957 st.
931 3909 1071 3968 Cuthbert3
1093 3922 1135 3957 see

178 3995 233 4028 was
260 3984 375 4043 wanting
398 3983 424 4029 in
455 3981 498 4029 the
528 3981 585 4029 MS.
617 3981 645 4028 of
677 3981 719 4028 the
732 3985 790 4027 note
803 3979 874 4027 there
888 3980 972 4039 given.

178 4051 285 4099 Treves.
717 4048 846 4112 ⁸Superer
861 4043 1015 4116 quantitate]
1052 4048 1136 4110 Super

223 4114 387 4188 ⁴Eadfride.]
417 4121 472 4170 The
495 4135 566 4170 same
585 4136 641 4182 pre·
676 4123 856 4185 quantitatem,
869 4120 927 4168 MS.
