2850 4890
589 384 680 430 vrrn
698 383 727 430 s.
744 383 977 443 euununerr,

665 674 826 740 CAPUT
849 675 898 739 ΙΙ.

333 838 491 909 Quomodo
502 866 583 929 pono
598 844 719 908 dolente
734 846 862 908 claudus
877 844 1004 929 effoctm
1017 845 1071 923 sit,
1086 853 1117 906 et
1130 843 1241 928 capelo

622 947 794 1009 medicante
808 956 946 1009 sanutus.

133 1159 176 1248 Hui
164 1158 279 1248 ωεοπιάεᾱᾱ·
308 1145 373 1228 §5.
397 1146 544 1212 Vunuu
569 1151 652 1232 quia
674 1150 766 1213 omni
786 1148 924 1212 habent'
902 1157 927 1212 t1
947 1146 1084 1211 dabitur
1104 1152 1139 1210 et
1160 1147 1267 1210 abun-

135 1263 162 1310 tu
173 1222 274 1309 semaam
309 1248 416 1326 dabit,
436 1250 471 1313 id
492 1258 557 1328 est,
577 1251 716 1315 habenti
690 1252 893 1334 tproposit
894 1269 949 1312 um
970 1267 1184 1329 amoremque
1202 1248 1270 1312 vir·
1295 1266 1310 1309 5

307 1355 431 1424 tutum,
456 1351 575 1415 harum
600 1352 701 1435 copia
729 1370 875 1434 superno
900 1369 1038 1413 munere
1063 1348 1266 1425 donabitur3

309 1454 470 1532 quoniam
489 1473 576 1535 puer
590 1454 730 1518 Domini
745 1453 969 1530 CudberctuS,
984 1470 1062 1534 quae
1084 1469 1145 1532 per
1159 1449 1267 1512 homi-

308 1571 390 1615 nurn
411 1556 547 1637 accepit
569 1555 796 1631 hortamenta,
819 1554 939 1618 sedulo
965 1553 1065 1616 corde
1089 1552 1268 1627 retinebat,

310 1653 414 1717 etiam
430 1655 584 1736 angelico
600 1655 678 1719 visu
698 1663 733 1718 et
752 1655 857 1719 affatu
873 1652 1057 1718 confortari
1073 1651 1268 1734 promeruit.

312 1752 405 1817 Nam
435 1756 548 1819 subito
579 1755 694 1819 dolore
721 1776 807 1837 genu
841 1762 1043 1836 correptum,
1071 1753 1164 1816 illius
1199 1752 1312 1815 acrilo

311 1855 419 1935 coepit
439 1861 568 1918 tumore
590 1874 813 1936 grossescere,
829 1858 932 1921 itaut
952 1856 1064 1919 nervis
1083 1854 1119 1916 in
1139 1854 1269 1936 poplite

312 1956 510 2033 contractio,
523 1956 643 2038 pedem
658 1959 767 2038 primo
780 1978 801 2021 a
816 1967 906 2022 terra
922 1976 1128 2039 suspensum
1139 1954 1270 2018 claudi-

312 2074 395 2118 cans
411 2063 571 2137 portaret,
586 2057 708 2121 dehinc
723 2059 981 2140 ingravescente
997 2058 1166 2133 molestia,
1178 2056 1271 2118 omni

312 2156 502 2239 privaretur
528 2160 675 2222 incessu.
720 2159 791 2238 Qui
815 2162 870 2224 die
894 2160 1044 2243 quadam
1070 2159 1270 2241 deportatus

310 2257 403 2321 foras
424 2278 446 2321 a
464 2260 627 2323 ministris
650 2268 753 2343 atque
775 2263 838 2325 sub
859 2263 939 2325 divo
959 2261 1168 2335 recumbenS,
1184 2259 1312 2323 viditur

312 2367 451 2441 repente
466 2363 659 2425 venientem
674 2362 716 2425 de
733 2364 832 2446 longe
847 2364 995 2445 equitem
1013 2362 1100 2425 albis
1115 2361 1271 2423 indutum

313 2460 527 2523 vestimentis
553 2470 588 2525 et
609 2461 840 2526 honorabilem
861 2463 970 2540 vultu,
995 2463 1055 2526 sed
1077 2469 1112 2524 et
1136 2481 1271 2543 equum,

314 2561 370 2623 cui
389 2562 541 2638 sedebat,
555 2563 815 2645 incomparandi
835 2564 978 2627 decoris.
1024 2561 1094 2640 Qui
1115 2582 1191 2625 oum
1211 2562 1272 2625 ad-

314 2663 455 2726 veniens
470 2672 648 2727 mansueto
666 2665 761 2727 illum
783 2665 949 2729 salutaret
966 2664 1126 2746 alloquio,
1141 2664 1274 2726 addidit

315 2765 415 2845 quasi
441 2783 502 2846 per
515 2764 633 2845 jocum
654 2767 833 2847 inquirere,
855 2768 884 2829 si
902 2766 1042 2848 aliquod
1064 2766 1125 2829 tali
1143 2764 1273 2847 hospiti
1285 2782 1315 2827 m

314 2866 465 2946 praebere
480 2865 584 2928 vellet
603 2867 815 2948 obsequium.
861 2865 909 2929 At
923 2866 992 2944 ille,
1007 2871 1017 2900 ‘
1031 2865 1054 2928 J
1057 2863 1136 2941 am,’
1150 2865 1273 2946 inquit,

314 2967 567 3048 ‘promtissime
588 2985 746 3048 cuperem
767 2967 837 3030 tuis
858 2974 971 3030 astare
1001 2967 1145 3030 devotus
1175 2967 1274 3028 obse·

316 3068 418 3150 quiiS,
440 3067 470 3129 si
494 3087 574 3145 non,
592 3070 807 3148 exigentibus
828 3069 950 3150 culpis,
974 3066 1075 3151 hujus
1100 3066 1273 3147 languoris

316 3168 480 3250 compede
496 3170 665 3231 retinerer.
700 3169 772 3233 Diu
784 3189 932 3251 namque
948 3167 1103 3250 estquod
1116 3167 1275 3230 molestia
1300 3199 1303 3203 ⁴

315 3289 404 3352 genu
422 3269 583 3332 tumentis
599 3288 795 3351 oppressuS,
810 3269 905 3333 nulla
925 3270 1108 3352 cujuslibet
1127 3267 1275 3331 medico-
1286 3286 1316 3330 25

316 3391 389 3436 rum
403 3369 572 3433 industria
585 3390 726 3450 possum
741 3370 877 3434 sanari!
921 3368 991 3447 Qui
1008 3369 1169 3432 desiliens
1185 3388 1274 3450 equo

318 3493 359 3539 ac
378 3491 465 3554 genu
484 3470 684 3551 languidum
707 3473 903 3554 diligentius
928 3471 1160 3546 considerans,
1183 3470 1275 3534 ‘Co-

318 3573 405 3659 que,'
428 3572 551 3652 inquit,
578 3573 772 3635 ‘triticeam
794 3574 829 3635 in
857 3573 948 3635 lacte
972 3572 1127 3648 farinam,
1150 3578 1185 3633 et
1209 3570 1275 3635 hac

320 3672 530 3741 confectione
552 3671 665 3734 calida
685 3680 847 3734 tumorem
870 3691 1095 3754 superungue,
1118 3679 1153 3734 et
1173 3691 1276 3735 sana-

321 3774 430 3843 beris!
469 3771 514 3835 Et
528 3770 581 3834 his
597 3772 711 3850 dietis,
727 3765 917 3835 ascendens
937 3791 1061 3854 equum
1077 3772 1172 3835 abiit.
1211 3772 1276 3836 Ille
1288 3791 1318 3835 ao

441 4096 450 4130 ¹
467 4098 558 4149 Ctuv‘r
571 4089 624 4160 11.]
644 4094 698 4142 vit.
712 4092 798 4145 Anon.
812 4093 825 4159 ξ
838 4098 869 4155 7;
888 4095 943 4144 vit.
957 4096 1023 4143 Met.
1036 4094 1101 4156 Cup.
1112 4107 1144 4142 11.
1183 4143 1186 4149 ,
