2850 4890
220 371 285 438 130
506 388 598 437 vrru
616 387 645 437 s.
662 386 895 448 cuneuacrr,

51 555 197 606 amoos.
225 565 362 630 prorsus
389 554 528 629 tangere
550 548 727 624 timebant,
749 546 955 610 festinarunt
977 543 1103 609 referre
1121 564 1181 609 an·

226 648 328 712 tistiti
343 648 433 731 quod
450 649 669 728 invenerant;
691 648 751 730 qui
766 656 838 712 tum
852 646 940 710 forte
953 646 990 709 in
1002 646 1182 710 remotiore

226 768 248 813 a
267 750 474 813 monasterio
489 750 576 827 loco,
592 750 706 814 refluis
722 749 873 832 undique
894 748 1000 812 maris
1020 747 1181 810 fluctibus

226 851 350 928 cincto,
365 852 539 916 solitarius
555 854 726 916 manebat.
772 851 813 914 In
829 850 893 914 hoc
909 850 1033 913 etenim
1050 867 1183 930 semper

227 950 509 1034 Quadragesimae
530 962 665 1036 tempus
687 972 797 1034 agere,
812 953 847 1014 in
867 951 931 1015 hoo
953 949 1182 1034 quadraginta
1208 968 1221 1010 ⁵

226 1063 306 1118 ante
318 1054 532 1118 Dominicum
546 1056 581 1119 N
582 1055 673 1118 atale
686 1054 803 1118 diesin
815 1072 940 1134 magna
952 1052 1182 1128 continentiae,

225 1157 402 1232 orationis
416 1164 451 1220 et
470 1156 687 1219 lacrimarum
702 1155 884 1219 devotione
900 1153 1024 1217 ducere
1039 1171 1183 1215 consue-

225 1266 331 1321 verat.
376 1257 419 1320 In
444 1277 513 1340 quo
538 1257 642 1321 etiam
667 1256 871 1320 venerabilis
894 1272 1084 1336 praecessor
1108 1253 1182 1336 ejus

227 1358 450 1436 CudberctuS‚
480 1359 680 1441 priusquam
711 1357 822 1421 Fame
851 1362 993 1438 peteret,
1025 1355 1116 1419 sicut
1148 1361 1183 1418 et

226 1479 330 1542 supra
350 1460 538 1536 docuimus,
552 1458 765 1541 aliquamdiu
782 1465 933 1522 secretus
949 1457 1099 1521 Domino
1118 1457 1223 1519 mi·1o

225 1560 359 1626 litabat.
403 1561 604 1625 Attulerunt
624 1568 737 1624 autem
758 1567 793 1623 et
812 1569 944 1640 partem
967 1557 1183 1622 indumento·

225 1682 310 1740 rum,
326 1681 404 1746 quae
425 1681 548 1744 corpus
570 1673 727 1725 sanctum
749 1660 948 1723 ambierant.
994 1657 1084 1737 Quae
1104 1678 1183 1723 oum

225 1764 283 1828 ille
313 1773 348 1828 et
375 1783 514 1827 munera
543 1769 718 1843 gratanter
748 1762 929 1843 acciperet,
955 1768 990 1825 et
1013 1760 1183 1825 miracula

225 1866 368 1930 libenter
397 1864 541 1940 audiret,
569 1882 647 1925 nam
679 1871 713 1926 et
747 1863 825 1945 ipsa
852 1863 1053 1925 indumenta
1082 1862 1183 1944 quasi

225 1967 340 2032 Patris
356 1964 467 2029 adhuc
483 1965 616 2046 corpori
631 1964 842 2028 circumdata
857 1964 944 2026 miro
959 1963 1223 2028 deosculabar-15

225 2076 281 2133 tur
306 2066 448 2130 affectu:
481 2064 629 2141 ‘Nova'
651 2065 773 2147 inquit,
797 2063 1020 2128 ‘indumenta
1049 2067 1184 2148 corpori

225 2188 286 2252 pro
301 2168 365 2243 his,
380 2187 458 2249 quae
474 2166 614 2242 tulistis,
630 2165 849 2243 circumdate,
864 2173 899 2228 et
914 2166 964 2230 sic
978 2168 1131 2248 reponite
1145 2167 1184 2231 in

226 2270 338 2347 theca,
349 2287 451 2351 quam
466 2267 626 2351 parastis.
664 2267 744 2332 Scio
760 2276 874 2332 autem
890 2269 1087 2346 certissime,
1101 2271 1185 2352 quia

226 2390 293 2434 non
311 2371 370 2434 diu
383 2388 512 2434 vacuus
528 2369 715 2432 remanebit
727 2370 834 2447 locus,
846 2371 905 2453 qui
917 2377 1016 2434 tanta
1030 2370 1184 2436 eoelestis

226 2471 381 2536 miraculi
406 2470 531 2535 virtute
555 2478 776 2533 consecratus
802 2479 865 2534 est.
909 2470 954 2535 Et
980 2472 1105 2535 beatus
1132 2479 1186 2536 est
1195 2491 1226 2536 ao

226 2573 381 2649 multum,
397 2571 452 2634 cui
467 2572 503 2633 in
519 2591 560 2635 eo
572 2571 688 2635 sedem
700 2572 899 2653 quiescendi
912 2572 1082 2637 Dominus
1095 2592 1184 2638 verae

227 2673 450 2740 beatitudinis
470 2681 591 2737 auctor
611 2680 716 2756 atque
739 2672 882 2755 largitor
907 2674 1093 2738 concedere
1113 2675 1185 2756 dig-

228 2774 350 2840 natur?
393 2774 600 2859 Adjecitque
615 2775 781 2853 mirando,
794 2796 872 2858 quae
888 2777 1063 2860 quondam
1079 2777 1186 2841 versi·

229 2877 294 2942 bus
309 2877 393 2954 dixi,
409 2885 445 2941 et
460 2878 520 2955 ait,

231 3046 311 3135 §72-
321 3053 330 3082 ‘
341 3047 575 3127 QuisDomini
585 3048 748 3131 expediet
758 3049 1064 3116 coelestiamunera
1074 3050 1188 3132 dictis,
1198 3070 1227 3116 25

273 3150 338 3216 Vol
355 3151 590 3234 paradisiacas
606 3171 684 3234 quae
700 3153 794 3234 capit
810 3152 902 3215 auris
918 3153 1025 3235 opesi

232 3252 322 3319 Dum
336 3254 425 3336 plue,
440 3253 556 3318 infesti
572 3254 728 3336 disrupto
744 3255 894 3338 pondere
909 3254 981 3333 leti,

274 3353 401 3423 Vivere
417 3355 549 3419 siderea
563 3375 698 3438 semper
712 3357 747 3418 in
762 3374 840 3420 arce
857 3356 971 3436 dabit;

234 3456 372 3525 Mortua
385 3476 473 3521 nunc
489 3464 586 3521 tanto
602 3459 661 3540 qui
675 3461 827 3523 membra
841 3459 979 3524 decorat
994 3459 1132 3538 honore,

276 3557 489 3642 l‘ulchraque
504 3567 678 3642 perpetuae
692 3562 835 3643 pignora
849 3569 994 3644 praestat
1008 3562 1096 3644 opis.
1201 3581 1231 3625 ao

234 3660 1191 3746 tirurruquobeatadomuS,subtantoquaebospitesulgeS,

277 3762 406 3833 Nescia
420 3782 497 3848 quae
512 3764 614 3841 naevi,
628 3763 756 3826 lumine
772 3763 855 3828 laeta
867 3766 975 3828 micas
989 3766 995 3829 !

239 3866 309 3936 Nou
326 3865 387 3933 libi
403 3863 548 3941 difficile,
565 3862 801 3948 Omnipotens
817 3866 979 3929 mandare
995 3867 1167 3945 subarro,

278 3968 333 4036 No
347 3966 492 4053 ‹lupusta
506 3973 603 4031 voret
617 3965 736 4029 funera
752 3967 847 4030 labes
863 3967 953 4030 edax
965 3989 973 4048 ;

235 4072 304 4155 (lul
320 4069 430 4137 triduo
444 4089 562 4135 servas
577 4068 643 4132 ceti
658 4069 721 4130 sub
737 4069 865 4132 viscere
880 4077 1006 4148 vatem,
1200 4093 1229 4136 ar

281 4172 381 4241 laeuis
395 4173 459 4239 iter
472 4171 626 4258 pandens
642 4169 761 4233 mortis
777 4172 820 4233 ab
836 4190 894 4234 ore
909 4178 969 4235 tuo
982 4194 990 4253 ;
