2850 4890
334 369 435 416 ursr.
453 365 768 415 rnnnsunrronrs
786 366 815 414 s.
834 366 1067 414 cu'rnaanrr.
1138 350 1203 414 315

245 516 445 576 invalescente
462 514 637 584 infirmitate,
663 534 715 594 per
734 512 852 574 diversa
870 515 1062 595 episcopatus
1086 514 1155 574 loca
1174 516 1203 573 in

246 602 353 661 feretro
369 622 402 660 se
416 600 591 659 circumferri
603 600 692 668 fecit;
716 610 887 680 reatumque
903 620 989 659 suum
1000 610 1030 659 et
1043 600 1204 660 vindictam

245 688 382 747 omuibus
398 686 537 746 ostendit.
580 687 622 744 Et
640 685 780 765 quamdiu
798 687 827 743 in
845 686 920 745 locis
939 686 978 745 ad
1000 687 1205 765 episcopatum

245 773 457 850 pertinentibus
476 771 654 841 morabatur,
665 771 732 849 jugi
751 770 923 848 aegritudine
941 773 1113 839 laborabat;
1136 791 1204 830 cum

218 873 232 914 5
247 878 316 917 vero
330 878 367 916 ea
381 857 558 935 relinquens,
568 855 607 914 ad
617 859 736 935 propria
749 876 878 916 remeare
889 858 1038 937 coepisset,
1049 856 1206 916 confestim

247 944 286 1001 ab
299 943 466 1002 infirmitate
479 941 638 1001 convaluit.

291 1034 367 1101 aas.
398 1028 478 1088 Post
492 1026 698 1086 detestabilem
712 1027 905 1124 omnibusque
923 1026 1105 1085 notissimam
1120 1026 1206 1085 Wal-
1224 1039 1335 1080 Pnnrrnnu
1337 1043 1359 1076 nt

248 1113 328 1172 cheri
349 1112 577 1172 Dunhelmensis
597 1112 730 1191 episcopi
751 1113 942 1182 occisionem,
958 1131 1025 1170 cum
1047 1131 1100 1170 rex
1120 1111 1206 1189 glori·
1223 1094 1275 1131 Μ
1254 1091 1326 1130 ΜΘ
1315 1101 1360 1139 ‘³⁸⁰

249 1218 321 1257 osus
352 1197 431 1256 idem
461 1197 632 1257 Willelmus
666 1196 705 1255 ad
739 1196 947 1256 vindicandam
979 1197 1054 1256 tanti
1086 1197 1207 1256 sceleris

208 1299 238 1342 lo
249 1283 459 1342 immanitatem
479 1284 638 1342 exercitum
662 1281 831 1353 direxisset,
854 1302 956 1341 omnes
981 1302 1051 1341 mox
1071 1282 1113 1340 illi
1134 1302 1208 1362 prae-

251 1379 396 1428 sumtores
418 1377 449 1427 et
469 1368 624 1427 homicidae
644 1366 726 1426 silvis
747 1387 779 1425 se
797 1388 832 1426 ac
853 1369 1001 1426 montibus
1023 1366 1207 1427 abdiderunt.

252 1453 371 1531 Vulgus
385 1473 470 1513 omne
486 1454 516 1513 in
535 1473 590 1513 sua
604 1452 757 1512 conlidens
771 1454 948 1524 innocentia,
963 1454 1055 1528 (sicut
1070 1453 1209 1532 scriptum

252 1546 309 1608 est,
322 1539 341 1597 J
345 1547 426 1597 ustus
441 1547 475 1597 ut
487 1539 535 1598 leo
550 1537 697 1614 conlidit,)
712 1539 830 1598 solitum
844 1539 899 1606 sibi
913 1540 1088 1618 cunctisque
1103 1539 1209 1617 proba-

251 1632 314 1682 tum
341 1625 484 1702 angustiis
506 1624 669 1683 beatissimi
689 1624 867 1684 contessoris
892 1626 976 1704 petiit
995 1625 1207 1704 patrocinium

211 1725 240 1769 15
253 1718 283 1768 et
304 1718 447 1769 consueto
467 1729 547 1768 more
565 1730 612 1768 res
633 1730 702 1768 suas
718 1711 747 1768 in
765 1711 858 1788 ipsius
877 1711 1073 1788 comportavit
1093 1728 1210 1767 monas-

252 1795 367 1854 terium.
413 1794 530 1854 Interea
554 1794 675 1872 quidam
699 1815 738 1854 ex
762 1796 807 1854 his
832 1796 884 1874 qui
912 1802 994 1854 eraut
1020 1795 1049 1852 in
1074 1793 1210 1869 castello,

254 1900 359 1958 genere
383 1880 503 1958 quidem
528 1879 720 1958 Francigena‚
747 1900 815 1939 curn
839 1890 884 1941 tot
910 1881 980 1939 inibi
1007 1899 1103 1949 arcas,
1128 1879 1210 1938 nullo

254 1965 452 2035 custodiente,
477 1966 671 2045 conspiceret,
693 1966 848 2040 (custodes
871 1968 948 2025 enim
972 1966 999 2025 in
1024 1965 1210 2024 interioribus

254 2052 434 2120 monasterii,
446 2071 512 2129 quae
525 2053 570 2109 sui
580 2060 663 2110 erant
673 2051 834 2122 ministerii,
846 2071 903 2109 non
920 2052 979 2110 ista
989 2051 1141 2119 curabant,
1156 2070 1212 2108 nec

213 2152 245 2196 2⁰
256 2137 344 2195 etiam
354 2137 491 2215 quamvis
503 2136 573 2194 alibi
587 2137 731 2216 rapientes
742 2137 834 2216 aliqui
843 2138 969 2213 regionis
978 2136 1056 2194 illius
1068 2135 1212 2213 indigenae

253 2221 366 2300 templa
377 2221 435 2281 Dei
449 2230 590 2280 temerare
602 2225 805 2302 praesumunt)
817 2223 919 2301 spiritu
933 2222 1100 2300 deceptoris
1115 2229 1211 2289 actus,

257 2316 356 2386 aptum
377 2306 493 2366 furandi
510 2307 609 2366 locum
625 2328 656 2365 se
679 2309 822 2386 reperisse
838 2307 992 2365 arbitratus
1016 2315 1071 2366 est.
1118 2305 1214 2383 Igitur

257 2401 358 2452 notata
371 2401 459 2451 nocte
473 2392 613 2472 quadam,
628 2413 688 2471 qna
705 2393 762 2451 boc
778 2402 940 2472 opportune
954 2401 1067 2469 ageret,
1082 2410 1100 2448 a
1114 2399 1213 2449 custo-

256 2478 344 2536 dibus
365 2479 544 2545 monasterii‚
561 2487 593 2536 ut
612 2477 773 2536 secundum
794 2497 904 2537 morem
926 2477 1028 2557 patriae
1049 2476 1119 2534 inibi
1141 2477 1214 2554 vigi-

214 2580 245 2624 25
257 2563 337 2622 landi
352 2563 470 2622 licentia
481 2564 537 2623 sibi
551 2563 772 2633 concederetur,
787 2582 823 2622 eo
837 2562 919 2642 quod
933 2564 974 2622 ita
990 2561 1057 2620 Deo
1070 2561 1214 2632 vovisset,

257 2651 382 2727 rogavit.
426 2649 477 2707 Illi
491 2649 560 2707 nihil
575 2649 760 2728 suspicantes
776 2649 856 2719 mali,
871 2648 952 2727 quod
970 2647 1105 2706 omnibus
1123 2646 1214 2706 devo·

258 2735 295 2793 tis
316 2735 496 2802 conceditur,
517 2734 595 2793 illius
616 2755 745 2812 quoque,
765 2754 854 2812 quam
875 2732 1043 2806 simulabat,
1066 2732 1215 2791 devotioni

260 2828 399 2878 annuunt.
444 2819 513 2890 Ille,
535 2831 662 2900 accepta
684 2820 811 2889 licentia,
832 2839 900 2878 curn
924 2817 1066 2877 custodes
1090 2817 1215 2876 dormire

259 2906 445 2985 perspiceret,
456 2905 532 2963 male
540 2904 782 2964 devotusfurtum
790 2924 879 2983 opere
891 2902 1070 2982 adimplevit.
1101 2902 1217 2962 Paucis

219 2991 328 3051 scinde
349 2991 490 3049 revolutis
510 2990 627 3060 diebus,
642 3010 709 3048 cum
730 3010 785 3048 nec
803 2989 872 3049 furti
897 2990 1027 3068 suspicio
1049 2987 1110 3047 ulla
1126 2989 1217 3047 habe-

260 3085 348 3145 retur,
366 3077 446 3154 quia,
465 3084 497 3134 ut
517 3076 657 3146 diximus,
679 3076 788 3134 furtum
806 3076 835 3134 in
854 3074 984 3134 ecclesia
1001 3074 1099 3133 facere
1118 3074 1216 3132 nullus

261 3162 300 3220 ibi
329 3161 488 3241 praesumit,
518 3162 692 3239 gravissima
719 3182 756 3220 ac
788 3160 938 3240 repentina
966 3158 1137 3238 aegritudine
1168 3160 1218 3218 ille

262 3248 426 3327 corripitur,
454 3255 485 3305 et
513 3257 654 3326 tanquam
686 3248 753 3324 igne
787 3246 1003 3306 ferventissimo
1035 3244 1217 3324 decoquitur.

263 3331 358 3411 Cujus
383 3332 495 3391 ardoris
516 3332 716 3410 magnitudine
737 3332 768 3390 in
787 3331 930 3391 insaniam
949 3351 1052 3390 versus
1069 3330 1148 3389 lecto
1166 3350 1219 3389 ex·

218 3436 249 3480 35
262 3418 331 3488 silit,
356 3428 386 3476 et
414 3426 446 3477 ut
473 3419 503 3475 in
531 3418 596 3477 sola
620 3426 684 3476 erat
706 3417 841 3492 camisia,
866 3436 952 3476 cursu
980 3414 1165 3495 rapidissimo
1189 3416 1219 3474 in

263 3523 400 3583 campum
415 3502 488 3574 adit,
503 3522 588 3562 suum
603 3505 654 3582 qui
667 3503 727 3562 illic
746 3505 891 3582 pascebat
904 3522 1012 3582 equum
1026 3500 1170 3572 ascendit,
1190 3508 1221 3560 et

261 3590 289 3647 in
305 3590 512 3648 monasterium
527 3597 594 3647 ante
608 3589 703 3668 ipsum
716 3587 898 3648 Crucifixum
909 3609 977 3647 cum
990 3588 1101 3666 impetu
1113 3606 1220 3665 magno

263 3675 354 3744 venit,
376 3674 492 3733 ululans
513 3675 746 3753 horribiliterque
773 3674 971 3754 proclamans,
997 3671 1165 3732 ‘Miserere
1190 3680 1221 3731 et

264 3780 351 3840 parce
366 3760 436 3818 milri
451 3768 552 3819 sancte
567 3760 749 3827 Cuthberte;
774 3759 828 3818 sed
847 3759 985 3838 quoniam
1004 3777 1062 3816 non
1082 3757 1127 3815 vis
1145 3756 1220 3827 scio,

310 4030 491 4104 ⁶Concnluit.]
545 4037 574 4086 S.
605 4035 725 4085 Dunelrn.
761 4035 791 4084 of
805 4035 921 4084 William
940 4039 967 4083 to
986 4035 1029 4084 the
1049 4049 1092 4084 see
1109 4034 1138 4084 of
1154 4035 1222 4084 Dur-

266 4107 326 4156 then
346 4113 463 4156 recounts
484 4107 528 4156 the
553 4105 726 4156 benefactione
762 4105 830 4155 ham.
