2850 4890
326 353 417 399 vrrn
435 352 465 400 a.
483 354 719 415 ourrrannm,
736 354 847 401 nour.
867 354 985 400 nunu.
1066 337 1130 400 277

171 500 331 579 episcopus
344 519 442 559 coram
457 500 591 560 omnibus
602 498 754 559 benedixit
768 519 876 579 aquam
890 497 1031 577 deditque
1046 517 1127 577 pres-

171 585 277 662 bytero
301 606 367 655 suo,
387 585 465 643 Beta
489 586 614 655 nornine,
640 587 690 664 qui
714 584 812 644 adbuc
834 585 918 644 vivit.
964 583 1035 663 Ipse
1056 603 1127 642 vero

170 671 335 749 suscipiens
359 670 486 750 portavit
507 670 545 729 ad
568 671 747 741 cubiculum,
771 671 820 728 ubi
843 669 893 729 illa
911 670 995 729 velut
1012 677 1128 727 mortua

170 755 303 814 ultimum
328 757 460 836 spiritum
485 757 603 815 trahens
623 757 764 833 jacebat3
799 775 1019 836 aspergensque
1041 775 1129 834 super

143 858 236 901 team
255 851 286 900 et
299 842 408 900 lectum
423 844 498 921 ejus,
513 863 607 922 osque
627 843 772 921 aperiens,
787 852 899 921 partem
917 861 1002 920 aquae
1021 839 1128 918 degus-

172 927 256 985 tavit.
311 926 386 1006 Ipsa
407 929 506 1006 itaque
531 928 671 1006 arripiens
693 928 792 987 statim
818 947 935 986 sensum
961 925 1128 985 intellectus

172 1012 282 1089 gratias
297 1033 389 1090 agens
403 1012 554 1072 benedixit
569 1013 679 1083 Deum,
695 1013 746 1094 qni
763 1012 839 1072 tales
857 1013 988 1092 hospites
1007 1010 1044 1069 ad
1062 1010 1128 1070 red-

173 1096 301 1156 dendam
316 1100 470 1157 sanitatem
485 1100 623 1158 emiserat
639 1100 676 1157 ei.
720 1099 788 1158 Jarn
801 1101 925 1177 jamque
944 1117 1078 1174 surgens,
1097 1104 1130 1155 ut

173 1203 277 1241 socrus
298 1183 393 1254 Petri,
412 1194 516 1243 sanata
537 1185 712 1243 ministravit
730 1186 783 1243 cis.
829 1183 888 1242 llla
908 1183 984 1241 enim
1005 1182 1131 1260 primum

132 1284 164 1328 10
175 1268 265 1327 totius
287 1267 405 1327 familiae
429 1270 570 1348 episcopo
596 1270 733 1348 poculum
757 1269 866 1328 laetitiae
885 1267 978 1337 dedit,
1002 1267 1054 1345 qui
1074 1266 1130 1324 sibi

173 1354 334 1433 exspiranti
347 1353 472 1413 calicem
486 1356 587 1414 mortis
603 1355 762 1414 auferebat.

218 1444 296 1511 §33.
318 1439 484 1519 Presbyter
505 1439 684 1509 AEdelwald,
706 1441 756 1519 qui
779 1459 856 1499 nunc
878 1448 924 1498 est
945 1437 1131 1516 Praepositus
1148 1453 1242 1495 Another
1251 1465 1299 1494 eure

174 1524 301 1583 coeuobii
321 1524 401 1604 quod
423 1525 529 1584 dicitur
549 1526 684 1596 Mailros‚
703 1526 759 1584 sibi
780 1534 924 1605 praesente
944 1522 1066 1582 alterum
1088 1523 1131 1581 in·
1149 1507 1236 1596 {ffifoed
1248 1506 1276 1555 ”l

175 1608 320 1670 firmitatis
349 1611 519 1689 languorem
549 1613 646 1671 sanari
674 1612 766 1671 relatu
795 1612 858 1689 ejus
887 1609 1003 1688 agnovi.
1049 1607 1133 1668 Nam

137 1713 165 1756 1⁵
178 1695 268 1764 dixit;
292 1696 456 1763 ‘Quadam
482 1696 530 1755 die
554 1717 622 1756 cunr
646 1697 787 1777 episcopo
810 1703 913 1755 sancto
937 1694 1071 1755 venimus
1095 1693 1134 1752 ad

178 1781 286 1852 vicum,
301 1784 351 1861 qui
367 1781 529 1842 Bedesleld
545 1782 661 1842 dicitur.
707 1781 755 1840 Ibi
766 1790 863 1841 autem
875 1779 1012 1860 quaedam
1023 1778 1133 1859 puella,

177 1877 305 1944 cognata
329 1888 394 1927 mea
418 1879 448 1927 et
470 1869 646 1948 propinqua,
674 1866 892 1934 infirmabatur3
921 1873 1032 1925 tantam
1058 1865 1134 1924 enirn

177 1950 308 2012 dolorem
331 1954 438 2033 capitis
461 1963 490 2012 et
508 1955 597 2013 totins
617 1954 735 2013 alterius
755 1953 854 2013 lateris
877 1972 951 2031 pene
970 1972 1022 2030 per
1042 1959 1136 2010 totum
1208 1953 1211 1957 ’

181 2039 248 2097 anni
264 2040 391 2118 spatium
405 2040 582 2119 patiebatur,
597 2038 677 2119 quod
693 2039 790 2098 nullus
808 2037 940 2097 medicus
960 2037 1136 2115 malagmate

136 2139 170 2183 20
182 2124 326 2204 corporali
340 2127 437 2204 potuit
448 2145 561 2185 sanare.
596 2124 711 2184 Noster
721 2126 820 2204 itaque
831 2125 1000 2205 episcopus,
1012 2121 1135 2182 audiens

181 2209 389 2282 infirmitatem,
414 2231 475 2290 qua
502 2212 688 2291 premebatur
711 2210 820 2291 puella,
842 2210 1012 2287 rogantibus
1039 2209 1135 2278 nobis,

183 2297 320 2355 misertus
341 2305 389 2356 est
409 2299 447 2368 ei,
467 2317 579 2375 ungens
601 2317 665 2355 eam
683 2297 838 2354 chrismate
856 2294 1059 2353 benedictione
1082 2313 1137 2352 sua

184 2390 370 2452 consecrato,
385 2403 452 2461 quae
469 2383 507 2440 ab
526 2382 578 2440 illa
591 2383 665 2441 bora
680 2382 738 2441 cito
751 2382 858 2441 virtute
872 2377 1040 2459 proficiens,
1054 2378 1138 2438 dolo-

184 2487 246 2525 rem
271 2466 308 2526 de
331 2468 379 2527 die
402 2469 431 2527 in
457 2467 534 2528 diem
560 2467 710 2538 deserens,
733 2465 852 2526 sanitati
872 2465 1001 2545 pristinae
1023 2462 1140 2523 reddita

140 2569 173 2612 25
185 2552 252 2611 est’

230 2643 306 2711 534.
328 2636 428 2697 Simile
447 2660 566 2718 quoque
586 2641 656 2699 huic
674 2637 754 2698 aliud
775 2637 949 2698 miraculum
971 2635 1139 2694 ostensione
1158 2658 1313 2720 quresparuy-

187 2722 342 2782 multorum
355 2725 550 2802 probabilium
565 2727 702 2794 virorum,
716 2725 768 2803 qui
786 2733 947 2803 praesentes
960 2721 1087 2790 fuerunt,
1103 2739 1140 2778 ex
1157 2721 1191 2749 ⁸¹⁵·

188 2809 296 2886 quibus
311 2817 358 2867 est
372 2809 494 2880 Henna,
505 2810 568 2869 sine
579 2810 669 2869 dubio
680 2810 780 2880 didici,
793 2810 929 2868 dicentis.
974 2815 982 2840 ‘
999 2805 1142 2873 Quodam

187 2903 319 2972 tempore
334 2895 493 2976 episcopus
509 2903 630 2955 sanctus
644 2895 835 2976 proficiscens
850 2895 888 2953 ab
903 2890 1140 2970 Hagustaldese,

145 2979 329 3041 attendebat
350 2981 387 3039 ad
408 2982 569 3052 civitatem,
585 3002 651 3060 quae
667 2980 729 3040 Vel
745 2981 862 3040 dicitur.
907 2978 1028 3037 Mansio
1043 2984 1140 3036 tamen

189 3065 217 3123 in
243 3064 340 3124 media
367 3067 417 3125 via
445 3066 526 3125 facta
553 3075 609 3140 est,
637 3069 666 3126 in
695 3067 813 3144 regione
838 3065 888 3124 ubi
912 3064 1019 3123 dicitur
1042 3062 1141 3121 Alise.

190 3149 333 3229 Namque
352 3161 531 3230 congregato
547 3153 658 3232 populo
675 3151 713 3210 de
731 3151 886 3220 montanis,
900 3168 1018 3208 manum
1031 3167 1143 3230 ponens

189 3256 277 3314 super
304 3236 405 3316 capita
434 3238 626 3315 singulorum,
658 3238 762 3296 liniens
794 3237 931 3295 unctione
959 3243 1143 3304 consecrata,

191 3341 281 3399 quam
297 3321 498 3394 benedixerat,
513 3324 648 3383 Verbum
667 3323 725 3381 Dei
745 3321 922 3401 praedicans,
939 3328 1087 3380 manserat
1103 3320 1144 3378 ibi

147 3424 177 3468 35
190 3406 266 3465 duos
286 3406 360 3467 dies.
406 3408 526 3468 Interea
549 3410 649 3488 itaque
671 3417 812 3469 venerunt
832 3407 969 3465 mulieres
994 3413 1145 3487 portantes

190 3492 348 3571 quemdam
356 3496 509 3573 juvenem,
525 3495 553 3553 in
569 3495 690 3574 grabato
698 3497 862 3573 jacentem,
876 3500 907 3551 et
919 3491 1147 3572 deportaverunt

192 3598 258 3637 eum
286 3578 315 3636 in
344 3579 419 3639 silva
442 3580 522 3640 haud
546 3580 648 3660 procul
673 3601 691 3640 a
715 3579 847 3639 tentoriis
873 3579 991 3647 nostris,
1016 3578 1065 3636 ubi
1084 3584 1147 3636 erat

228 3824 248 3854 ¹²
263 3824 415 3896 Presbyter]
435 3830 490 3880 vit.
502 3831 576 3879 Pros.
586 3831 651 3891 Cap.
720 3823 826 3896 ΨΜ]
883 3826 943 3889 Vel,
968 3827 1056 3889 vulgo,
1076 3827 1147 3887 Wal,

193 3911 260 3946 xxx.
685 3915 775 3948 versus
787 3899 894 3947 Vallum
907 3895 1053 3947 Picticum.'
1078 3898 1147 3946 Note

227 3965 248 4065 ἐξ
265 3964 652 4108 ffiptquqw.]ViSteell,lrblsd.vC;12).
685 3971 718 4032 by
731 3971 774 4018 tbe
788 3968 958 4018 Bollandists.

194 4122 281 4158 xxxrr.
