2850 4890
263 357 307 420 42
545 371 637 417 vrri
655 369 684 418 s.
704 369 939 433 curuuuurr,

265 533 400 611 Mallet‚
416 536 459 598 ab
474 533 621 598 aethereo
635 533 831 616 panduntur
846 551 987 596 munera
1001 538 1101 598 teste.

262 635 312 699 At
325 636 386 718 pia
401 634 609 700 Cutherhtus
624 655 815 700 memorans
832 654 925 717 saepe
940 641 1020 697 acta
1034 634 1196 716 priorum,

263 736 428 801 AEtherea
443 738 507 801 suh
522 737 625 802 laude
641 739 695 802 sui
710 757 846 820 quoque
862 735 1018 801 Christus
1034 737 1154 818 agonis

263 837 313 901 Ut
326 837 438 902 fuerat
452 839 577 916 sociae,
592 846 709 903 suerat
724 840 922 903 subnectere
937 839 1068 920 paucis.

262 939 389 1022 Sicque
405 941 491 1003 duos
506 941 601 1004 vario
611 940 685 1024 jam
700 959 838 1003 munere
853 939 996 1020 spiritus
1010 938 1100 1000 idem

262 1039 439 1105 Lustravit
454 1061 514 1123 per
529 1043 620 1105 dona
634 1042 735 1117 viros,
750 1049 854 1122 atque
870 1040 1006 1103 aetheris
1022 1039 1084 1102 alti

262 1141 413 1206 Tramite
427 1143 540 1206 diviso
554 1162 694 1225 regnum
708 1141 868 1224 provexit
884 1141 926 1205 ad
942 1161 1056 1204 uuum.

580 1376 741 1441 CAPUT
764 1375 901 1443 XLVI.

307 1541 455 1612 Qualiter
466 1545 655 1610 anachorita
673 1547 839 1633 Felyeldas
856 1545 971 1609 ibidem
984 1547 1028 1610 sit
1042 1568 1063 1609 a
1077 1546 1180 1610 cultas

590 1659 707 1712 tamara
720 1647 896 1711 mandatas.
1098 1706 1100 1711 ,
1235 1666 1264 1709 ιο

303 1850 411 1914 Erreo
429 1869 502 1932 age,
519 1850 701 1933 Felgeldus
716 1850 857 1933 largitor
870 1850 1019 1914 muneris
1035 1851 1117 1915 almi

261 1951 379 2016 Prima
392 1951 562 2016 salutiferi
576 1953 651 2034 ipse
667 1953 762 2034 capit
775 1953 981 2017 documenta
995 1953 1134 2034 vigoris.

262 2053 327 2118 Gui
341 2054 471 2136 pridem
485 2052 592 2117 facies
608 2053 743 2117 informi
757 2059 852 2118 tacta
866 2061 996 2117 tumore
1012 2063 1077 2132 est,

260 2155 430 2238 Squalens
447 2162 483 2218 at
497 2155 608 2238 rigido
623 2155 703 2219 dum
718 2154 813 2218 solus
828 2155 1002 2219 iuahditur
1016 2163 1127 2232 antro,

260 2257 379 2321 Latiar
392 2257 544 2339 ingenito
559 2257 669 2338 surgit
684 2256 726 2320 de
740 2255 856 2319 fomite
871 2257 1019 2333 flamma,
1233 2277 1263 2320 15

189 2370 191 2373 ’
258 2358 376 2441 Atque
391 2378 496 2441 genas
511 2359 655 2422 maculis
669 2359 758 2422 livor
770 2359 934 2439 respergit
950 2356 1106 2421 adurens,

261 2458 331 2537 Qui
346 2479 437 2524 nova
450 2479 512 2542 pro
526 2461 633 2524 veteri
647 2459 727 2523 dum
742 2461 892 2524 culmina
906 2467 1071 2542 pangeret
1086 2460 1171 2538 aede,

247 2549 351 2625 'Illud
367 2581 476 2627 ovans
490 2559 584 2624 fesso
598 2560 767 2642 direptum
784 2579 805 2623 a
818 2560 951 2643 pariete
966 2561 1080 2625 velum

258 2661 386 2727 Partiri
402 2662 520 2727 docuit
532 2661 599 2725 fide
615 2681 695 2744 spes
711 2668 806 2725 certa
820 2661 954 2725 salutis,

257 2763 442 2848 Primaque
456 2765 538 2828 dum
551 2763 702 2847 lymphis
718 2763 864 2844 corrigia
878 2763 1042 2845 tinguitur
1057 2765 1156 2828 almis
1230 2785 1262 2828 20

258 2865 384 2934 Pervia
397 2866 570 2947 cornigero
585 2871 706 2947 pateat
720 2884 789 2946 quo
805 2864 929 2927 semita
942 2862 1042 2941 ferra,

257 2966 433 3031 Exsiliens
447 2967 582 3032 lasciva
596 2985 695 3030 sacro
710 2967 753 3030 de
769 2966 899 3048 gurgite
914 2973 1012 3047 gutta

257 3068 404 3131 Lumina
417 3069 583 3150 respersit
598 3068 710 3131 sancti
725 3067 925 3149 vultumque
940 3069 1125 3131 rubentem.

169 3248 172 3256 Ι
256 3167 322 3231 Ille
335 3168 424 3232 citus
440 3169 563 3232 dextra
576 3167 734 3251 lymphas
751 3169 943 3250 abstergere
958 3188 1081 3232 curans

257 3268 405 3334 Miratur
418 3278 551 3352 pestem
567 3259 783 3352 stupefactus
799 3271 925 3348 abisse,
939 3269 1097 3354 foresque
1228 3291 1259 3334 25

256 3369 413 3436 Pandere
422 3372 497 3455 jam
510 3372 627 3436 reduci
643 3391 731 3436 sana
745 3373 809 3435 sub
824 3371 934 3437 fronte
949 3372 1102 3436 medelae.

257 3472 303 3537 Et
316 3493 360 3536 ue
374 3473 460 3538 forte
475 3482 574 3556 putet
588 3475 748 3537 mendum
764 3494 818 3536 me
833 3474 944 3537 dicere
958 3475 1151 3557 quisquam,

255 3574 362 3638 Teste
377 3574 454 3638 Deo
467 3576 591 3653 dicam,
607 3575 690 3657 quia
703 3576 881 3657 presbyter
895 3575 965 3638 ista
976 3575 1087 3637 fidelis

256 3676 447 3753 Pandebat,
462 3677 554 3740 vatis
569 3676 672 3740 fidam
688 3677 744 3740 cui
758 3675 851 3739 fatus
867 3677 903 3738 in
918 3695 1044 3752 aurem,

257 3783 266 3813 ‘
281 3776 356 3855 En,’
370 3777 492 3860 inquit,
507 3783 517 3812 ‘
531 3779 622 3841 nosti
637 3777 762 3842 faciem
777 3778 859 3860 quia
874 3786 1047 3859 presserat
1062 3778 1142 3840 olim
1227 3798 1258 3841 aa

254 3878 368 3944 Labes
383 3881 506 3943 acerba
519 3900 641 3957 meam,
656 3879 716 3943 sed
727 3879 801 3963 jam
816 3879 917 3942 modo
933 3880 1043 3960 gratia
1058 3877 1185 3944 Christi

289 4122 427 4188 wara]
462 4123 571 4174 Altered
592 4127 618 4173 in
636 4125 672 4174 Η.
690 4130 715 4173 to
787 4121 906 4173 ⁸Cm’ur
919 4125 1030 4189 XLV1.]
1066 4129 1120 4176 vit.
1138 4129 1214 4177 Pros.

253 4194 368 4246 ‘suerit'
412 4229 414 4232 -
752 4195 819 4255 Cap.
832 4207 906 4243 xuvr.
