2850 4890
253 363 297 427 20
548 366 633 413 vim
656 365 685 412 s.
710 359 930 418 curandam,

258 535 395 609 Virtus,
412 528 601 593 missilibus
618 525 768 589 firmavit
785 526 915 589 moenia
932 528 1041 604 saxiS,

258 635 334 701 Vix
351 651 429 716 quae
446 631 499 694 bis
518 628 607 692 terni
624 626 757 691 cervice
775 627 890 690 subire
907 635 1067 709 potentes
1081 647 1090 707 3

261 735 327 800 Ille
344 733 405 798 sed
423 737 607 813 asportans
624 727 731 790 muris
749 727 914 809 inponere
931 729 1027 792 solus

259 834 450 910 Sufficerct,
467 830 591 894 summi
609 828 734 892 dextra
750 828 939 893 comitante
956 827 1138 892 Tonantis,

588 1073 753 1139 CAPUT
781 1072 892 1138 XVI.
1245 1102 1260 1145 s

266 1250 409 1328 Qualiter
419 1249 564 1334 precibus
580 1272 691 1334 uquam
701 1249 736 1312 de
747 1249 840 1312 arida
855 1249 1050 1333 produxerit,
1064 1246 1218 1333 quietiora

360 1350 485 1414 bibendo
501 1349 652 1436 quondam
667 1372 763 1434 aquas
780 1352 814 1412 in
832 1352 936 1414 vinum
951 1351 1112 1413 convertit.

319 1529 455 1592 Fonms
483 1527 583 1608 inops
611 1524 726 1589 fuerat
755 1525 853 1589 locus
884 1524 953 1602 hic,
987 1523 1046 1589 sed
1078 1532 1220 1589 sanctus

419 1645 592 1690 amoenam

270 1728 415 1793 Excutit
432 1725 574 1790 insolita
590 1725 750 1807 precibus
768 1724 949 1788 dulcedine
966 1724 1154 1808 lympham.
1233 1729 1265 1774 ¹⁰

270 1828 361 1893 Haec
378 1827 468 1890 sacri
486 1826 599 1889 media
617 1822 799 1888 Cutberhti
817 1832 902 1888 nata
919 1827 983 1890 sub
1001 1826 1083 1889 aula

270 1928 411 1992 Praebet
432 1925 544 1990 adhuc
566 1925 700 1990 cunctis
722 1943 865 1988 suavem
891 1928 1093 2008 potantibus
1114 1925 1219 1989 haus-

421 2035 505 2091 tum.
605 2081 608 2088 .

271 2128 347 2192 Nec
358 2127 483 2190 mirum
492 2126 566 2189 haec
577 2125 720 2189 Domini
737 2124 904 2188 famulum
919 2126 1075 2208 potuisse
1087 2126 1221 2201 mereri,

273 2228 343 2309 Qui
361 2226 553 2311 quondam‚'
565 2226 709 2289 saliente
727 2226 820 2289 sitim
837 2225 920 2289 dum
937 2226 1082 2309 pelleret
1099 2225 1205 2302 unda,
1236 2245 1266 2290 15

273 2329 316 2394 Iu
333 2347 506 2392 meracum
524 2327 644 2391 latices
661 2325 773 2389 valuit
789 2334 989 2391 convertere
1006 2325 1137 2390 nectar.

585 2570 750 2636 CAPUT
773 2569 906 2634 XVII.

336 2753 480 2829 Qualiter
495 2772 515 2814 α
530 2770 631 2825 messe,
648 2768 738 2832 quam
755 2767 809 2807 suu
825 2767 916 2807 mune
932 2755 1060 2822 severat,
1078 2747 1168 2809 cerdo
1206 2783 1209 2787 <

595 2848 732 2910 volucres
747 2846 895 2931 abegerit.

326 3025 476 3105 QulQun
487 3025 559 3087 suis
574 3024 717 3106 cupiens
732 3023 861 3085 victum
873 3021 1075 3104 conquirere
1089 3019 1225 3102 palmis,
1237 3042 1270 3088 20

276 3126 450 3191 Incultam
467 3131 642 3206 pertentat
658 3124 799 3186 humum
816 3121 1035 3205 proscindere
1052 3120 1153 3197 ferro,

276 3226 323 3290 Et
341 3233 437 3289 sator
453 3224 613 3287 edomitis
630 3224 711 3286 anni
728 3241 825 3305 spem
841 3221 978 3285 credere
997 3221 1123 3301 glebis;

276 3326 439 3408 Dumque
456 3343 555 3405 seges
573 3324 706 3387 modico
724 3322 908 3386 desemine
923 3328 1081 3402 surgeret
1099 3321 1226 3404 ampla,

276 3426 430 3508 Tempus
448 3423 547 3487 adest
564 3425 698 3500 messis,
714 3422 845 3505 rapidae
863 3421 923 3484 sed
941 3420 1029 3485 forte
1047 3421 1206 3486 volucres

279 3527 465 3590 Flaventes
482 3523 638 3607 praedare
655 3524 747 3587 senis
764 3523 923 3586 nituntur
939 3522 1076 3599 aristas
1239 3540 1271 3584 25

278 3627 382 3690 Talia
398 3626 458 3710 qui
476 3624 633 3708 placidus
650 3624 754 3688 saevis
771 3620 991 3705 praedonibus
1007 3621 1095 3697 infit,

278 3731 287 3760 ‘
308 3725 414 3806 Quid,
432 3744 565 3807 precor,
582 3723 704 3788 illicito
721 3742 868 3786 messem
885 3722 1086 3804 contingitis
1104 3740 1204 3800 ausu,
1294 3706 1296 3711 ³

279 3827 368 3906 Quae
386 3831 503 3888 vestro
521 3824 627 3887 sulcis
645 3843 714 3886 non
732 3829 785 3886 est
801 3823 934 3886 inserta
950 3822 1094 3886 laboret

216 4032 222 4042 '
313 4030 430 4094 πΤιενηί.]
443 4029 512 4092 Bini,
525 4031 554 4079 C.
568 4029 632 4078 112.
799 4026 923 4082 ΠΟΑΡυτ
945 4026 1046 4100 XVII.]
1078 4032 1130 4081 Vit.
1153 4031 1228 4080 Pros.

313 4101 420 4152 ⁵Clr>ur
428 4099 514 4163 XVI.]
526 4101 578 4149 vit.
588 4100 660 4148 Pros.
671 4100 734 4160 Cap.
772 4100 835 4162 Cap.
847 4114 903 4151 xix.

277 4186 354 4222 xvur.
