2850 4890
41 853 163 896 litabunt.

211 330 278 397 332
584 349 803 399 nernunrx.

211 496 299 554 etiarn
322 494 347 552 si
370 494 434 575 ipse
455 514 512 554 non
535 492 667 566 adesset,
687 495 841 575 praecepit;
866 494 990 553 multum
1011 495 1174 555 obsecrans

211 601 247 640 ne
259 579 326 639 iude
339 582 393 639 nisi
406 601 510 660 sospes
523 580 628 650 abiret,
640 581 695 640 sed
706 583 745 640 ibi
760 582 858 662 potius
870 579 908 638 ad
921 582 990 639 loca
1001 590 1173 640 sanctorum

212 674 382 745 martyrum,
398 668 424 724 si
438 668 480 725 ita
495 666 578 726 Deus
590 667 744 739 voluisset,
760 667 829 726 vitre
842 666 972 726 coelestis
984 674 1174 745 exspectaret

213 752 372 811 introitum.

255 843 332 911 §36.
355 837 487 915 Contigit
510 845 608 897 autem
631 847 664 897 ut
683 839 750 917 ipso
772 837 831 905 die,
852 857 913 916 quo
938 848 1069 908 venerat,
1092 839 1172 897 circa
1198 855 1211 897 5

213 923 313 981 horam
343 923 488 982 decimam
518 925 655 999 migraret
683 923 721 983 ad
750 922 921 992 Dominum,
950 925 1037 1001 cujus
1064 944 1171 1002 corpus

213 1028 298 1068 mane
328 1029 434 1086 magno
461 1017 491 1068 et
517 1010 657 1068 comitum
682 1010 775 1089 ipsius
797 1019 827 1067 et
852 1009 1019 1067 accolarum
1044 1010 1172 1068 civitatis

212 1093 290 1152 illius
307 1096 421 1172 agmine
440 1104 585 1174 portatum
603 1107 649 1153 est
669 1115 719 1174 per
737 1096 791 1153 tria
809 1093 899 1153 ferme
918 1095 1008 1153 millia
1028 1115 1171 1175 passuum

212 1180 242 1238 in
267 1182 473 1239 monasterium
496 1178 630 1258 ejusdem
652 1179 826 1258 Gaugnnffi,
845 1179 1006 1259 quoderat
1025 1180 1063 1238 ad
1086 1182 1170 1238 meri-

211 1264 328 1324 dianam
343 1266 460 1344 plagam
475 1267 612 1335 civitatis,
624 1267 721 1345 spatio
734 1267 849 1325 circiter
864 1265 988 1323 milliarii
1002 1275 1033 1324 et
1047 1265 1169 1336 dimidii,
1182 1281 1209 1326 lo

212 1352 417 1430 sepultumque
432 1353 461 1409 iu
476 1353 605 1410 ecclesia
619 1363 786 1411 sauctorum
802 1360 958 1430 martyrum
977 1353 1170 1429 geminorum,

211 1457 334 1516 quorum
346 1438 462 1496 nomina
474 1448 542 1496 sunt
557 1439 632 1506 haec,
643 1437 839 1517 Speusippus,
856 1436 1048 1515 EleosippuS,
1062 1437 1170 1496 Melio-

211 1524 322 1602 sippus.
368 1522 430 1588 Qui
459 1543 518 1581 una
545 1524 634 1601 geniti
664 1532 755 1581 matre
783 1542 841 1581 uno
865 1531 961 1600 partu,
986 1523 1026 1580 ibi
1049 1523 1170 1602 antiquo

210 1616 342 1688 tempore
364 1611 502 1687 martyrio
524 1609 666 1676 coronati,
687 1609 716 1665 iu
739 1607 843 1666 eodem
867 1607 935 1667 loco
957 1606 1065 1687 sepulti
1088 1616 1167 1677 suut,

212 1695 260 1753 ubi
282 1704 311 1751 et
329 1695 396 1753 avia
411 1695 537 1764 illorum,
552 1695 668 1753 nomine
682 1693 833 1761 Leonella,
848 1693 965 1772 sepulta
982 1701 1040 1765 cst,
1055 1702 1086 1753 et
1102 1695 1208 1773 ipsa15

211 1800 262 1858 per
275 1778 490 1839 confessionem
507 1781 635 1857 martyrii
649 1800 770 1857 egressa
784 1779 821 1836 de
834 1798 967 1857 corpore.

252 1870 327 1938 §st
360 1864 484 1944 Sepulto
508 1867 594 1943 igitur
619 1876 716 1944 patre,
737 1864 857 1944 quidam
883 1882 920 1921 ex
942 1864 1095 1934 iratribus,
1118 1864 1169 1943 qui

211 1971 277 2010 eum
295 1949 491 2019 deduxerunt,
509 1951 633 2029 patriam
648 1949 769 2019 redicre,
787 1950 928 2008 narraturi
943 1950 971 2007 in
990 1952 1168 2009 monasterio

210 2037 303 2114 ipsius
327 2036 377 2094 ubi
402 2044 433 2095 et
452 2037 572 2115 quando
596 2037 732 2094 transiret
753 2055 769 2093 e
791 2055 933 2113 corpore;
957 2034 1080 2113 quidam
1098 2055 1168 2094 vero

210 2122 387 2201 dispositum
410 2121 539 2179 Romam
563 2123 615 2180 iter
637 2142 786 2200 peregere,
810 2120 936 2179 delaturi
957 2140 1078 2179 munera
1102 2137 1209 2200 quaett

210 2210 344 2266 miserat.
383 2206 418 2265 In
436 2207 542 2285 quibus
558 2207 698 2267 videlicet
718 2207 884 2265 muneribus
903 2214 966 2264 erat
980 2206 1166 2277 Pandectes,

210 2303 243 2352 ut
256 2293 396 2361 diximus,
410 2294 647 2371 interpretatione
662 2295 740 2351 beati
761 2293 936 2370 Hieronymi
950 2293 1116 2372 presbyteri
1130 2312 1168 2352 ex

211 2379 345 2438 Hebraeo
373 2389 403 2437 et
431 2379 540 2438 Graeco
567 2378 647 2438 fonte
672 2378 848 2449 transfusus,
872 2379 984 2437 habens
1012 2379 1041 2437 in
1070 2379 1169 2459 capite

211 2466 338 2545 scriptos
354 2465 521 2544 hujusmodi
535 2486 650 2537 versus,

296 2634 413 2714 Corpus
429 2635 466 2694 ad
482 2636 581 2694 eximii
596 2635 698 2694 merito
710 2635 875 2694 venerabile
888 2634 985 2704 Petri,
1177 2651 1205 2695 tt

340 2720 471 2780 Dedicat
484 2722 620 2781 ecclesiae
636 2741 723 2801 quem
737 2732 828 2799 caput
841 2721 902 2779 alta
916 2719 1004 2790 tides,

294 2805 474 2874 ceolfridus,
490 2807 656 2885 Anglorum
670 2809 786 2866 extimis
801 2807 839 2865 de
854 2805 961 2865 linibus
975 2807 1082 2876 abbas,

338 2891 449 2950 Devoti
463 2892 588 2951 affectus
604 2894 726 2973 pignora
741 2894 824 2952 mitto
839 2892 905 2950 mei.

295 2977 407 3057 Meque
423 2998 562 3058 meosque
577 2988 682 3058 optans
696 2980 768 3037 tanti
782 2979 855 3037 inter
870 2976 978 3055 gaudia
991 2977 1086 3055 patris

336 3063 373 3122 In
389 3064 470 3123 coelis
487 3085 643 3123 memorem
657 3084 772 3144 semper
786 3064 895 3122 habere
910 3062 1020 3122 locum.
1176 3078 1205 3124 stt

250 3255 327 3322 §38.
363 3249 461 3308 Porro
488 3250 609 3329 quidam
637 3251 665 3308 in
696 3250 801 3309 eadem
825 3251 944 3309 civitate
966 3249 1168 3328 Lingonense,

207 3350 325 3414 propter
359 3355 486 3394 amorem
516 3335 623 3416 sepulti
657 3335 765 3395 ibidem
794 3337 923 3415 parentis
952 3335 1008 3405 sui,
1037 3335 1166 3396 residere

206 3420 382 3488 maluerunt,
405 3422 455 3499 qui
474 3430 569 3479 tamen
591 3429 695 3501 postea
714 3421 861 3481 destinata
878 3421 1008 3479 Romam
1027 3422 1165 3481 veniendi

206 3516 277 3565 vota
292 3506 520 3585 compleverunt.
564 3507 690 3565 Tantam
709 3515 805 3566 autem
826 3507 948 3584 gratiam
964 3504 1045 3585 apud
1059 3506 1164 3586 Gang-

205 3590 318 3650 uullum
341 3593 463 3651 comites
487 3593 713 3652 reverentissimi
736 3595 852 3651 abbatis
876 3593 1058 3661 invenerunt,
1082 3604 1114 3653 ut
1135 3603 1204 3655 etta

204 3677 369 3753 magnificis
391 3699 492 3736 onmes
508 3679 612 3758 epulis,
637 3679 754 3757 sepulto
775 3700 823 3747 eo,
843 3676 986 3745 reliceret,
1010 3686 1040 3736 et
1055 3678 1113 3737 lruc
1135 3690 1165 3739 et

203 3763 274 3822 illuc
286 3765 460 3823 abeuntibus
472 3764 563 3823 duces
576 3765 696 3834 itineris,
707 3766 792 3824 simul
803 3764 992 3834 atriaticum,
1004 3766 1162 3844 praeberet;

496 4088 515 4118 ²²
536 4093 570 4142 Ul·
581 4089 709 4160 nitelinam]
746 4095 793 4143 See
807 4095 819 4156 t
833 4098 873 4142 20.
