2850 4890
459 353 640 402 nncronn
656 354 744 401 vnrr.
763 353 875 401 unns.
1086 335 1150 400 135

190 514 264 573 tare
278 517 514 588 consueverat,
533 511 649 577 divina
665 512 779 595 pietas
799 511 998 577 ostenderit.
1042 509 1145 588 Quod
1157 518 1191 569 Α.
1203 519 1305 572 noos.

190 618 306 674 tamen
330 618 443 674 utrum
469 613 600 677 meritis
624 613 778 697 ejusdem
802 614 896 678 beati
915 612 1031 676 Patris
1055 611 1146 677 Cud-
1328 609 1331 614 ’

189 712 308 790 bereti,
328 731 373 775 an
392 714 602 778 successoris
625 714 699 798 ejus
718 713 943 792 AEdiluualdi,
962 713 1027 779 viri
1046 733 1146 796 oeque

190 811 267 876 Deo
301 812 418 891 dediti,
446 813 709 879 adscribendum
742 817 799 893 sit,
826 816 981 880 internus
1010 814 1148 879 Arbiter

160 915 336 978 ruoverit.
365 914 489 998 Neque
501 914 620 998 aliqua
630 916 721 981 ratio
732 922 828 981 vetat
839 917 1016 1000 utriusque
1027 915 1148 980 merito

189 1015 321 1080 factum
340 1016 444 1096 credi,
465 1017 651 1082 comitante
671 1018 776 1083 etiam
794 1018 860 1082 fide
884 1017 1148 1082 reverentissimi

190 1115 307 1182 Patris
335 1117 509 1201 Felgeldi3
532 1138 593 1201 per
617 1138 719 1202 quem
741 1125 777 1182 et
801 1119 837 1182 in
861 1137 930 1202 quo
950 1116 1149 1181 miraculum

190 1219 315 1300 ipsum,
342 1220 434 1302 quod
467 1219 589 1297 refero,
619 1219 811 1283 sanationis
846 1217 1052 1300 completum
1081 1225 1146 1282 est.

190 1319 273 1402 Ipse
294 1329 348 1386 est
367 1322 428 1405 qui
444 1323 565 1386 tertius
580 1321 734 1404 ejusdem
754 1321 822 1385 loci
841 1328 877 1385 et
895 1320 1028 1384 militiae
1048 1320 1148 1403 spiri-

146 1423 271 1486 rotalis
296 1422 405 1502 heres,
426 1424 528 1489 hodie
552 1423 662 1507 major
685 1422 948 1505 septuagenario
967 1421 1003 1484 in
1025 1439 1149 1503 magno

190 1523 273 1587 vitae
303 1523 429 1589 suturae
465 1524 634 1589 desiderio
666 1523 847 1588 terminum
874 1521 1057 1604 praesentis
1089 1541 1150 1587 ex-

191 1631 336 1707 spectat.

236 1725 321 1808 §72
346 1725 433 1790 Cum
454 1747 535 1809 ergo
550 1727 623 1791 viro
645 1725 784 1789 Domini
798 1725 993 1791 cudbercto
1015 1724 1059 1788 ad
1079 1744 1149 1789 coe-

192 1826 295 1890 lestia
304 1847 409 1910 regna
420 1827 598 1905 translato,
608 1825 852 1890 AEdiluualdus
862 1826 1016 1910 ejusdem
1027 1825 1149 1889 insulae

147 1946 179 1991 15
192 1935 229 1992 et
252 1930 452 1994 monasterii
477 1929 620 1993 colonus
644 1928 811 1993 exsistere
834 1929 1010 2011 coepisset,
1032 1927 1091 2010 qui
1114 1934 1151 1991 et

192 2029 268 2111 ipse
282 2029 408 2112 multos
424 2038 528 2094 antea
542 2050 604 2112 per
617 2048 726 2093 annos
740 2029 777 2091 in
790 2028 993 2094 monachica
1008 2048 1150 2093 conver·

193 2131 328 2195 satione
344 2132 520 2213 probatus,
534 2131 600 2195 rite
615 2130 758 2212 gradum
779 2129 1029 2195 anachoreticae
1045 2129 1150 2194 subli-

191 2231 323 2296 mitatis
342 2233 569 2314 ascendebat3
592 2232 718 2315 reperit
737 2232 820 2314 quia
844 2233 995 2314 parietes
1013 2230 1150 2314 praefati

194 2331 356 2412 Oratorii,
384 2335 444 2417 qui
470 2333 597 2398 tabulis
626 2333 739 2396 minus
767 2332 949 2414 diligenter
977 2331 1149 2418 coaptatis

147 2441 290 2498 socrant
309 2436 500 2517 compositi,
521 2437 625 2517 longa
647 2444 763 2499 essent
782 2441 955 2500 vetustate
978 2431 1150 2508 dissoluti,

192 2542 228 2599 et
241 2538 412 2618 separatis
427 2539 471 2601 ab
487 2538 633 2602 invicem
651 2536 789 2614 tabulis,
804 2535 940 2599 facilem
960 2534 1150 2598 turbinibus

193 2638 422 2718 praebuissent
445 2639 645 2720 ingressum.
689 2638 757 2702 Sed
780 2639 832 2703 vir
854 2635 1070 2713 venerahilis
1090 2634 1150 2717 qui

193 2738 346 2803 coelestis
358 2738 494 2802 aedificii
504 2740 614 2822 magis
627 2758 730 2822 quam
745 2738 870 2802 terreni
885 2738 1042 2802 decorem
1055 2755 1150 2818 quae-

193 2840 302 2917 rebat,
315 2848 428 2904 sumto
442 2839 544 2919 faeno,
558 2841 613 2905 vel
630 2840 762 2922 argilla,
777 2839 832 2904 vel
847 2838 1012 2922 quicquid
1031 2836 1151 2920 hujus-

150 2959 181 3004 25
192 2940 285 3004 modi
311 2941 464 3005 materiae
492 2941 688 3024 reperisset,
714 2941 907 3022 stipaverat
930 2939 1084 3015 rimulas,
1106 2957 1149 3002 ne

193 3041 405 3125 quotidianis
439 3043 597 3105 imbrium
627 3042 700 3106 sive
729 3049 909 3105 ventorum
944 3040 1077 3124 injuriis
1107 3041 1150 3103 ab

192 3141 313 3209 orandi
342 3141 570 3206 retardaretur
596 3141 774 3206 instantia.
829 3140 915 3205 Cum
945 3141 1020 3205 haec
1049 3142 1152 3224 igitur

193 3243 438 3310 AEdiluualdns
457 3245 633 3326 ingressus
652 3242 765 3306 locum
785 3243 941 3327 vidisset,
961 3242 1152 3324 postulavit

194 3364 216 3408 a
239 3343 535 3427 frequentantibus
557 3366 595 3411 se
620 3345 798 3409 Fratribus
821 3344 1017 3426 pelliculam
1041 3342 1151 3420 vituli,

149 3464 182 3510 so
194 3466 339 3529 eamque
355 3447 415 3510 illo
430 3449 465 3510 in
482 3449 619 3530 angulo,
635 3465 704 3530 quo
724 3455 759 3511 et
778 3447 854 3529 ipse
869 3457 905 3510 et
920 3446 1153 3529 praedecessor
1192 3448 1195 3455 '

229 3709 239 3739 ³
254 3708 425 3781 AEdiluuoldi.]
443 3711 568 3761 SeeActa
578 3711 669 3761 Sanc-¹
690 3709 848 3759 established
858 3709 1153 3773 adaughtercellthere,

195 3788 289 3845 torum,
314 3783 394 3832 Mart.
416 3784 453 3832 iii.
482 3787 541 3843 463,
571 3781 658 3830 where
690 3781 733 3829 the
755 3781 854 3841 history
875 3780 904 3828 of
928 3781 1013 3830 which
1038 3796 1096 3842 may
1120 3783 1152 3830 he

195 3868 273 3914 every
286 3852 360 3914 thing
372 3853 517 3914 respecting
529 3853 581 3901 this
592 3852 659 3900 indi·
691 3851 778 3899 traced
792 3851 818 3898 in
831 3851 874 3898 the
884 3851 1018 3900 collection
1029 3851 1058 3899 of
1065 3851 1152 3912 Origi-

197 3923 285 3972 vidual
298 3924 321 3971 is
333 3923 467 3972 collected.
692 3921 735 3969 nal
748 3921 869 3970 charters
887 3922 989 3982 printed
1005 3922 1031 3969 in
1049 3921 1153 3970 Raine's

232 3989 252 4020 ¹⁹
271 3987 401 4060 oratorii]
428 3992 482 4041 The
498 3991 589 4040 moulrs
601 4007 659 4040 con·
693 3991 776 4039 North
795 3990 920 4054 Durham,
937 3991 1007 4051 App.
1026 3991 1152 4040 dcxcvi-

198 4063 286 4112 tinued
308 4068 335 4112 to
352 4063 437 4113 reside
455 4069 482 4112 at
499 4064 591 4125 Fame,
609 4062 659 4111 and
692 4062 799 4110 dccxxv.
