2850 4890
239 339 304 404 278
620 355 834 403 nrrnnmx.

243 514 364 564 sanetus
381 504 550 583 episeopus,
567 512 598 563 et
615 514 792 583 rogaverunt
805 524 873 564 eum
891 524 944 584 per
959 504 1093 564 nuntium
1109 501 1194 582 adju-

240 600 339 649 rantes
362 591 391 648 in
414 591 528 649 nomine
550 589 671 649 Domini
691 590 765 650 Jesu
787 589 909 661 Christi,
932 598 963 649 ut
986 608 1056 649 eum
1076 589 1194 669 reliquis

241 677 302 735 suis
325 675 437 735 sanetis
458 674 647 735 benediceret
666 696 745 746 eum,
763 682 794 734 et
809 677 971 735 orationem
992 673 1120 733 fundenis
1144 693 1195 753 pro

242 782 278 820 eo
305 760 344 819 ad
375 760 552 840 Dominum,¹
570 762 686 821 veniam
712 771 902 841 peecatorum
931 780 1051 820 suorum
1081 778 1100 819 a
1127 759 1195 818 Deo

241 854 363 926 peteret,
392 867 444 926 pro
471 848 578 927 quibus
602 847 709 924 ligatus
734 846 892 906 vindictam
917 847 1093 906 sustinebat.
1138 845 1194 904 Ille
1218 863 1231 904 t

240 933 328 1010 igitur
348 933 506 1012 episcopus
527 931 741 991 indubitantem
764 933 869 992 videns
884 931 975 992 fidem
995 932 1122 1000 illarum,
1142 951 1192 990 ex-

241 1018 354 1097 pellens
368 1038 423 1077 nos
434 1020 472 1076 ab
483 1038 531 1088 eo,
539 1019 634 1077 oravit
641 1017 679 1077 ad
690 1017 861 1089 Dominum,
871 1015 1052 1077 benedicens
1064 1036 1193 1098 puerum,

242 1105 373 1163 morbum
392 1104 556 1184 depellens,
570 1105 725 1163 sanitatem
746 1105 921 1184 adjungens,
938 1102 1117 1182 glorifieavit
1132 1101 1194 1161 Do-

241 1191 350 1247 minum
368 1189 528 1258 Christum,
543 1189 733 1268 adjuvantem
751 1210 867 1250 servum
883 1209 968 1249 suum
983 1191 1012 1247 in
1027 1208 1061 1248 se
1077 1208 1194 1268 speran-

240 1283 309 1334 tem.
354 1273 487 1333 Surrexit
501 1275 578 1335 enim
592 1296 665 1354 puer
678 1276 705 1333 in
722 1275 774 1334 illa
791 1277 862 1337 bora
873 1274 1067 1343 manducans,
1083 1283 1114 1334 et
1127 1294 1192 1332 eum
1203 1288 1230 1332 lt

241 1361 408 1419 mulieribus
430 1380 556 1440 pergens
579 1362 688 1438 gratias
706 1380 797 1439 agens
816 1361 1016 1439 magnificavit
1033 1359 1195 1419 Dominum

242 1447 269 1504 in
285 1446 377 1505 servis
393 1447 455 1504 suis
470 1447 542 1505 mira
554 1446 732 1506 facientem?

70 1545 224 1586 curesaernu.
281 1536 357 1604 tlte.
381 1530 546 1611 Presbyter
565 1531 633 1590 Tidi
654 1552 673 1590 a
694 1552 740 1591 me
761 1539 939 1591 memoratus
957 1529 1027 1589 mibi
1042 1529 1192 1600 indicavit,

239 1617 354 1686 dicens,
377 1616 532 1676 ‘Sanetus
552 1618 711 1697 episeopus
733 1626 832 1676 noster
848 1619 877 1675 in
895 1614 1026 1694 quodam
1045 1617 1126 1688 vieo,
1144 1619 1194 1696 qui

240 1702 347 1761 dieitur
362 1701 538 1782 Medilpong
551 1703 579 1761 in
595 1702 772 1762 mortalitate
785 1702 847 1772 illa,
862 1722 929 1781 quae
943 1703 1042 1782 plures
1062 1702 1194 1782 depopu-
1205 1718 1229 1762 lt

241 1788 315 1847 lavit
330 1788 475 1866 regiones,
491 1788 656 1868 praedicans
671 1787 805 1848 Verbum
822 1787 881 1847 Dei
895 1787 1017 1866 reliquis
1034 1788 1194 1858 bominum,

243 1893 404 1933 conversus
420 1874 458 1932 ad
473 1894 530 1942 me,
546 1875 697 1933 mitissime
713 1873 798 1944 dixit,
819 1873 933 1933 ‘Estne
952 1873 1060 1954 aliquis
1077 1874 1106 1932 iu
1125 1873 1196 1933 villa

241 1959 298 2017 bac
323 1958 420 2017 adhue
444 1960 614 2039 pestilentia
633 1961 691 2018 ista
714 1960 867 2038 languens,
888 1967 921 2018 ut
944 1979 1050 2019 exeam
1072 1959 1114 2018 ad
1130 1979 1198 2018 enm

240 2042 406 2124 praedicans
421 2053 451 2102 et
465 2045 644 2106 benedicens
658 2046 686 2104 ei
693 2045 714 2103 l’
748 2047 816 2123 Ego
827 2047 892 2124 jam
909 2044 1069 2104 osteudens
1083 2045 1197 2122 signavi

242 2131 267 2188 ei
284 2129 445 2201 mulierem,
461 2140 588 2191 stantem
608 2130 685 2190 haud
703 2133 805 2210 prooul
819 2152 838 2190 a
852 2131 937 2189 nohis
952 2131 1155 2190 lacrimantem
1169 2139 1233 2191 etat

241 2216 404 2294 plorantem
418 2225 536 2296 propter
546 2216 638 2275 filium
650 2237 734 2276 suum
746 2238 838 2297 nuper
849 2225 1005 2286 mortuum,
1015 2216 1198 2296 alterumque

241 2309 304 2360 toto
325 2321 447 2382 corpore
468 2311 680 2361 tumescentem
698 2312 729 2362 et
748 2304 776 2362 in
800 2302 902 2362 ultimo
922 2302 1108 2361 anhelantem
1124 2303 1198 2361 inter

243 2387 328 2446 ulnas
350 2388 569 2446 semimortuum
589 2397 746 2448 tenentem.
792 2388 850 2447 Ille
866 2408 936 2447 vero
957 2388 1020 2446 sine
1037 2407 1121 2446 mora
1134 2407 1197 2447 sur·

241 2492 314 2549 gens
329 2474 457 2531 accessit
471 2474 509 2532 ad
526 2493 603 2544 eam,
617 2473 794 2533 benedicens
810 2473 963 2533 osculatus
980 2481 1027 2532 est
1043 2472 1196 2544 infantem,

241 2557 317 2616 dixit
331 2559 358 2616 ei
378 2558 427 2616 *Ο
443 2559 556 2628 mulier,
575 2561 635 2618 noli
653 2558 733 2628 flere,
755 2558 833 2618 lilius
849 2569 917 2618 tuus
933 2560 989 2618 iste
1009 2559 1112 2618 salvus
1132 2560 1196 2630 erit,
1208 2573 1235 2618 tt

242 2651 272 2701 et
286 2642 384 2704 nullus
395 2643 433 2702 de
443 2645 610 2705 viventibus
621 2644 719 2704 adbuc
729 2645 819 2704 totius
830 2644 948 2704 familiae
958 2651 1017 2704 tuae
1028 2644 1198 2724 pestilentia

240 2729 366 2808 peribit!
407 2729 502 2809 Cujus
516 2731 558 2789 rei
572 2731 616 2790 sic
630 2731 742 2789 factum
756 2751 823 2789 esse
838 2729 942 2789 mulier
956 2729 1078 2789 attilius
1098 2729 1198 2790 adbuc

240 2815 330 2874 vitam
342 2817 480 2874 comitem
495 2814 638 2875 ducentes
652 2822 744 2874 testes
760 2816 847 2875 sunt.'

68 2927 216 2970 Amnem„
283 2906 359 2975 536.
381 2900 452 2960 Nee
471 2901 586 2960 silentio
607 2900 840 2981 praetereundum
860 2901 1009 2970 existimo,
1029 2900 1111 2980 quod
1132 2902 1197 2979 qui-

67 2982 160 3071 ffllssl‘
171 2983 197 3032 ly
240 2984 309 3044 dam
324 2987 477 3066 presbyter
488 2995 587 3046 noster
598 2987 696 3046 adbuc
705 2988 819 3056 vivens,
826 2989 890 3066 jam
900 2997 971 3046 tune
985 2986 1080 3045 laicus
1096 2989 1197 3066 eujus·
1209 3003 1238 3048 tt

114 3059 119 3072 ⁸
239 3070 308 3129 dam
337 3073 453 3131 eomitis
482 3073 622 3142 minister,
648 3081 793 3152 praesente
816 3093 864 3142 eo,
886 3093 961 3152 opus
985 3072 1198 3133 misericordiae

238 3156 349 3215 facturn
360 3156 536 3228 recordavit,
545 3158 657 3228 dicens,
668 3157 732 3216 ‘Eo
744 3166 841 3217 autem
850 3166 993 3236 tempore,
1004 3176 1063 3234 quo
1075 3165 1197 3218 sanetus

241 3242 400 3321 episeopus
418 3243 492 3301 inter
510 3244 668 3324 populares
684 3242 818 3302 Verbum
842 3241 901 3301 Dei
919 3241 1085 3322 praedieaus
1109 3245 1198 3323 eoepit

238 3346 368 3405 pergere,
396 3347 415 3385 a
441 3326 560 3388 domino
589 3350 667 3399 meo,
692 3329 806 3388 nomine
832 3328 934 3399 Sibba,
959 3328 1095 3407 Eegfridi
1116 3330 1195 3408 regis

273 3678 292 3707 ¹³
309 3681 458 3745 Presbyter]
479 3683 533 3733 Vit.
546 3684 620 3734 Pros.
635 3685 701 3746 Cap.
768 3681 788 3712 ω
807 3685 858 3732 Nec
880 3677 994 3751 silentia]
1032 3684 1087 3732 Vit.
1120 3684 1196 3733 Pros.

241 3764 340 3801 xxxin.
735 3756 799 3816 Cap.
811 3768 876 3803 xxv.

276 3819 295 3848 ¹⁵
312 3817 473 3890 Meuttmng]
511 3823 700 3885 Obviouslyan
768 3824 789 3854 ³⁰
805 3817 956 3890 Presbyter]
981 3823 1056 3871 Beda
1072 3823 1120 3873 bas
1139 3840 1196 3885 pre-

240 3907 310 3941 error
317 3892 567 3954 for‘Metbilwong‚'
575 3895 617 3942 the
626 3896 700 3943 Field
734 3895 824 3944 served
837 3895 879 3944 the
891 3908 964 3943 name
979 3894 1008 3942 ol
1022 3894 1073 3943 this
1089 3896 1196 3957 presby-

240 3963 269 4009 of
277 3964 437 4024 Diseussion‚
448 3965 491 4013 the
498 3965 572 4024 place
583 3965 608 4012 in
618 3965 700 4012 whicb
735 3971 782 4029 ter,
796 3966 943 4015 Baldhelm.

241 4032 283 4080 the
305 4034 414 4094 popular
438 4035 587 4083 assemblies
607 4035 636 4083 of
659 4035 700 4084 the

241 4103 339 4151 Saxona
352 4104 415 4152 used
427 4109 453 4152 to
464 4105 496 4152 be
510 4105 579 4152 held.
