2850 4890
360 373 410 421 nu
427 374 501 424 sax
518 374 719 423 nrarraus
737 373 898 436 sucum..
1032 356 1096 420 189

140 531 287 596 navibus
310 533 499 613 advehitur,
521 536 645 617 quibus
670 533 750 598 dum
773 534 837 598 iter
858 540 1094 616 prosperatum
1158 563 1221 604 m,

140 632 233 696 domi
248 634 340 699 fama
360 636 508 715 referret,
529 638 676 701 mittitur
694 638 866 700 exercitus
883 637 1013 712 fortior,
1035 635 1093 718 qui
1109 613 1193 718 m
1207 613 1291 719 ‘mh

135 734 279 814 junctus
294 727 474 818 prioribus,
484 739 594 820 primo
605 737 724 801 hostes
737 756 757 800 a
769 739 893 820 quibus
905 738 1095 820 petebatur,

143 834 266 916 abegit,
281 837 404 902 deinde
417 839 453 901 in
468 825 580 902 socios
595 858 689 903 arma
703 845 850 916 verteuS,
867 847 975 903 totam
989 857 1096 921 prope

113 935 288 1001 sinsulam
309 940 353 1002 ab
373 939 532 1003 orientali
547 940 621 1023 ejus
636 941 740 1022 plaga
755 959 864 1021 usque
880 940 922 1003 ad
939 940 1096 1003 occiden-

142 1038 247 1102 talem
275 1041 345 1122 igni
370 1041 425 1104 vel
450 1061 532 1104 ense
558 1042 704 1122 subegit,
728 1041 876 1105 conficta
900 1042 1093 1117 occasione,

142 1140 234 1221 quod
256 1160 318 1223 pro
342 1162 379 1206 se
401 1142 629 1206 militantibus
651 1141 810 1228 Britones
831 1144 943 1206 minus
969 1141 1094 1206 suffici-

141 1250 237 1306 enter
256 1244 428 1326 stipendia
448 1245 577 1309 darent.
630 1246 785 1310 Joannes
806 1246 968 1327 Baptista
990 1251 1095 1327 caput

141 1363 243 1408 suum
264 1345 397 1409 duobus
416 1345 592 1410 monachis
610 1347 846 1423 orientalibus,
860 1347 919 1428 qui
934 1346 978 1409 ob
993 1345 1096 1409 orati-

100 1463 243 1509 monem
281 1455 447 1512 venerant
484 1449 772 1530 Hierosolymam,
804 1449 910 1531 juxta
947 1446 1097 1510 Herodis

143 1548 316 1630 quondam
331 1548 420 1629 regis
435 1549 667 1613 habitaculum
682 1550 822 1627 revelat,
833 1550 924 1632 quod
937 1550 1097 1630 deinceps

143 1648 299 1712 Emisam
309 1648 495 1713 Phaeniciae
507 1651 623 1713 urbem
632 1651 800 1732 perlatum
812 1657 846 1714 et
857 1651 959 1732 digno
970 1650 1098 1713 honore
1162 1659 1165 1665 '

143 1750 273 1814 cultum
293 1758 357 1814 est.
402 1751 557 1814 Haeresis
572 1750 761 1832 Pelagiana
775 1743 1008 1815 Brittanoruui
1028 1758 1100 1814 tur-

143 1854 205 1917 bat
233 1852 345 1929 fidem,
374 1852 432 1934 qui
462 1872 484 1916 a
509 1850 701 1916 Gallicanis
730 1852 903 1934 episcopis
933 1852 1099 1917 auxilium

101 1973 132 2018 15
144 1962 350 2035 quaerentes,
379 1953 586 2018 Germanum
619 1954 914 2019 Autisiodorensis
944 1954 1099 2018 ecclesiae

145 2055 346 2137 episcopum
357 2062 392 2118 et
401 2054 535 2138 Lupum
545 2055 777 2119 Trecasenum
790 2074 888 2138 aeque
898 2056 1099 2137 apostolicae

144 2157 264 2237 gratiae
280 2156 480 2233 antistitem,
492 2157 572 2219 fidei
585 2155 779 2220 defensores
794 2157 978 2239 accipiunt.
1010 2155 1100 2219 Cou-

144 2259 281 2323 firmant
306 2259 481 2323 antistites
505 2257 606 2321 fidem
630 2260 734 2322 verbo
758 2259 914 2322 veritatis
941 2257 1042 2320 simul
1065 2264 1099 2321 et
1132 2306 1134 2310 .

145 2359 385 2424 miraculorum
405 2360 532 2441 signis3
556 2359 617 2423 sed
632 2366 667 2423 et
681 2359 808 2422 bellurn
828 2358 1006 2421 Saxonum
1022 2358 1101 2422 Pic-

103 2480 136 2524 ao
147 2469 327 2543 torumque
353 2461 518 2525 adversus
543 2461 702 2525 Britones
728 2480 768 2523 eo
797 2467 948 2543 tempore
962 2508 965 2515 .
968 2459 1100 2543 junctis

145 2561 275 2627 viribus
295 2570 504 2644 susceptum,
524 2562 642 2625 divina
661 2562 785 2624 virtute
807 2561 1003 2638 retundunt,
1023 2581 1100 2625 curn

147 2662 341 2727 Germanus
363 2663 438 2746 ipse
461 2661 532 2725 dux
554 2662 635 2725 belli
658 2662 782 2739 sactus,
803 2682 873 2726 non
892 2663 984 2727 tubae
1008 2662 1102 2728 clan-

148 2783 238 2847 gore,
262 2764 322 2827 sed
349 2764 497 2827 clamore
520 2762 671 2826 Alleluia
695 2764 800 2827 totius
822 2764 993 2828 exercitus
1017 2783 1101 2829 voce

147 2865 192 2930 ad
213 2857 325 2929 sidera
344 2864 460 2928 levato
479 2863 597 2928 hostes
613 2865 648 2926 in
664 2863 780 2946 sugam
794 2867 897 2930 vertit
917 2867 1102 2946 immanes3

105 2986 136 3030 25
148 2967 208 3049 qui
223 2967 386 3049 deinceps
406 2967 449 3030 ad
470 2966 674 3030 Ravennam
694 2968 898 3048 perveniens
917 2974 951 3031 et
970 2986 1104 3031 summa

148 3070 341 3134 reverentia
362 3087 383 3131 a
405 3067 652 3131 Valentiniano
671 3074 707 3130 et
730 3066 888 3132 Placidia
911 3075 1104 3150 susceptus,

148 3168 309 3251 migravit
328 3169 372 3232 ad
393 3168 583 3248 Christum
606 3187 729 3249 corpus
753 3168 937 3233 honorifico
960 3170 1104 3250 agmine,

149 3271 394 3335 comitantibus
409 3271 572 3335 virtutum
587 3270 757 3350 operibuS,
773 3268 1030 3334 Autisiodorum
1046 3270 1105 3333 de-

147 3371 264 3435 fertur.
287 3372 403 3434 AEtius
415 3372 586 3436 Patricius
597 3391 723 3452 magna
734 3371 957 3435 occidentalis
969 3372 1104 3452 reipub-

108 3492 139 3537 ao
148 3473 226 3539 licae
240 3473 335 3538 salus
350 3482 385 3537 et
398 3474 469 3555 regi
484 3474 657 3557 quondam
671 3471 791 3536 Attilae
805 3480 922 3551 terror,
938 3491 960 3536 a
974 3472 1104 3536 Valen-

150 3576 283 3641 tiniano
311 3576 494 3655 occiditur3
532 3595 609 3639 cum
642 3593 711 3656 quo
740 3573 950 3656 Hesperium
983 3573 1107 3637 cecidit

152 3695 303 3758 regnum,
317 3696 427 3758 neque
441 3675 609 3739 hactenus
622 3674 733 3739 valuit
747 3674 901 3739 relevari.

194 3967 205 3998 ⁹
223 3967 369 4031 Menochia]
382 3967 604 4029 Tillemont‚Mem
684 3962 703 3992 ¹³
724 3958 888 4031 Germanum]
917 3964 953 4012 H.
964 3963 995 4014 E.
1006 3967 1030 4024 1,
1042 3963 1106 4012 xvii.

155 4041 233 4113 nist..
245 4040 317 4090 Eccl.
336 4039 354 4089 i.
374 4042 432 4102 839,
451 4037 514 4088 edit.
532 4038 614 4087 Brux.
649 4038 716 4100 ᾗδὲ),
729 4042 780 4084 etc.

156 4116 229 4163 1694.
