<?xml version="1.0" encoding="UTF-8"?>
<!DOCTYPE html PUBLIC "-//W3C//DTD XHTML 1.0 Transitional//EN"
    "http://www.w3.org/TR/xhtml1/DTD/xhtml1-transitional.dtd">
<html xmlns="http://www.w3.org/1999/xhtml" xml:lang="en" lang="en">
 <head>
  <title>
</title>
<meta http-equiv="Content-Type" content="text/html;charset=utf-8" />
  <meta name='ocr-system' content='tesseract 3.04.00' />
  <meta name='ocr-capabilities' content='ocr_page ocr_carea ocr_par ocr_line ocrx_word'/>
</head>
<body>
  <div class='ocr_page' id='page_1' title='image "./venerabilisbeda00bedegoog_0089.png"; bbox 0 0 2850 4890; ppageno 0'>
   <div class='ocr_carea' id='block_1_1' title="bbox 164 518 306 567">
    <p class='ocr_par' dir='ltr' id='par_1_1' title="bbox 164 518 306 567">
     <span class='ocr_line' id='line_1_1' title="bbox 164 518 306 567; baseline 0.007 -1"><span class='ocrx_word' id='word_1_1' title='bbox 164 518 197 566; x_wconf 79' lang='lat' dir='ltr'><strong>A.</strong></span> <span class='ocrx_word' id='word_1_2' title='bbox 207 518 306 567; x_wconf 75' lang='grc'><strong>11111.</strong></span> 
     </span>
    </p>
   </div>
   <div class='ocr_carea' id='block_1_2' title="bbox 173 3157 309 3259">
    <p class='ocr_par' dir='ltr' id='par_1_2' title="bbox 173 3157 309 3259">
     <span class='ocr_line' id='line_1_2' title="bbox 173 3157 309 3198; baseline -0.007 0"><span class='ocrx_word' id='word_1_3' title='bbox 173 3158 237 3198; x_wconf 78' lang='lat' dir='ltr'><strong>Visite</strong></span> <span class='ocrx_word' id='word_1_4' title='bbox 247 3157 309 3197; x_wconf 82' lang='lat' dir='ltr'><strong>Gold-</strong></span> 
     </span>
     <span class='ocr_line' id='line_1_3' title="bbox 173 3209 265 3259; baseline 0 -12"><span class='ocrx_word' id='word_1_5' title='bbox 173 3209 265 3259; x_wconf 79' lang='lat' dir='ltr'><strong>iugbam.</strong></span> 
     </span>
    </p>
   </div>
   <div class='ocr_carea' id='block_1_3' title="bbox 334 331 1050 407">
    <p class='ocr_par' dir='ltr' id='par_1_3' title="bbox 334 331 1050 407">
     <span class='ocr_line' id='line_1_4' title="bbox 334 331 1050 407; baseline -0.006 -11"><span class='ocrx_word' id='word_1_6' title='bbox 334 331 378 396; x_wconf 83' lang='grc'><strong>68</strong></span> <span class='ocrx_word' id='word_1_7' title='bbox 660 350 753 396; x_wconf 72' lang='lat' dir='ltr'><strong>vira</strong></span> <span class='ocrx_word' id='word_1_8' title='bbox 770 348 799 396; x_wconf 90' lang='lat' dir='ltr'><strong>s.</strong></span> <span class='ocrx_word' id='word_1_9' title='bbox 818 347 1050 407; x_wconf 74' lang='lat' dir='ltr'><strong>cunensem,</strong></span> 
     </span>
    </p>
   </div>
   <div class='ocr_carea' id='block_1_4' title="bbox 336 507 1341 2307">
    <p class='ocr_par' dir='ltr' id='par_1_4' title="bbox 336 507 1341 2307">
     <span class='ocr_line' id='line_1_5' title="bbox 336 507 1294 591; baseline -0.003 -23"><span class='ocrx_word' id='word_1_10' title='bbox 336 507 470 587; x_wconf 91' lang='lat' dir='ltr'><strong>peritia,</strong></span> <span class='ocrx_word' id='word_1_11' title='bbox 496 514 613 570; x_wconf 87' lang='lat' dir='ltr'><strong>tantus</strong></span> <span class='ocrx_word' id='word_1_12' title='bbox 643 527 737 572; x_wconf 88' lang='lat' dir='ltr'><strong>amor</strong></span> <span class='ocrx_word' id='word_1_13' title='bbox 764 507 992 591; x_wconf 86' lang='lat' dir='ltr'><strong>persuadendi</strong></span> <span class='ocrx_word' id='word_1_14' title='bbox 1022 523 1100 587; x_wconf 84' lang='lat' dir='ltr'><strong>quoe</strong></span> <span class='ocrx_word' id='word_1_15' title='bbox 1128 509 1294 584; x_wconf 86' lang='lat' dir='ltr'><strong>coeperat,</strong></span> 
     </span>
     <span class='ocr_line' id='line_1_6' title="bbox 337 605 1294 690; baseline -0.004 -20"><span class='ocrx_word' id='word_1_16' title='bbox 337 607 407 670; x_wconf 91' lang='lat' dir='ltr'><strong>tale</strong></span> <span class='ocrx_word' id='word_1_17' title='bbox 431 607 548 670; x_wconf 89' lang='lat' dir='ltr'><strong>vultus</strong></span> <span class='ocrx_word' id='word_1_18' title='bbox 573 609 718 690; x_wconf 84' lang='lat' dir='ltr'>angelici</span> <span class='ocrx_word' id='word_1_19' title='bbox 734 610 860 686; x_wconf 92' lang='lat' dir='ltr'><strong>lumen,</strong></span> <span class='ocrx_word' id='word_1_20' title='bbox 881 616 920 672; x_wconf 91' lang='lat' dir='ltr'><strong>ut</strong></span> <span class='ocrx_word' id='word_1_21' title='bbox 937 607 1052 672; x_wconf 91' lang='lat' dir='ltr'><strong>nullus</strong></span> <span class='ocrx_word' id='word_1_22' title='bbox 1072 605 1294 688; x_wconf 87' lang='lat' dir='ltr'><strong>praesentium</strong></span> 
     </span>
     <span class='ocr_line' id='line_1_7' title="bbox 336 706 1295 790; baseline -0.002 -21"><span class='ocrx_word' id='word_1_23' title='bbox 336 706 487 770; x_wconf 90' lang='lat' dir='ltr'><strong>latebras</strong></span> <span class='ocrx_word' id='word_1_24' title='bbox 511 709 542 770; x_wconf 94' lang='lat' dir='ltr'><strong>ei</strong></span> <span class='ocrx_word' id='word_1_25' title='bbox 568 709 622 771; x_wconf 92' lang='lat' dir='ltr'><strong>sui</strong></span> <span class='ocrx_word' id='word_1_26' title='bbox 648 710 758 773; x_wconf 90' lang='lat' dir='ltr'><strong>cordis</strong></span> <span class='ocrx_word' id='word_1_27' title='bbox 782 710 894 772; x_wconf 88' lang='lat' dir='ltr'><strong>celare</strong></span> <span class='ocrx_word' id='word_1_28' title='bbox 919 713 1150 790; x_wconf 78' lang='lat' dir='ltr'><strong>praesumeret,</strong></span> <span class='ocrx_word' id='word_1_29' title='bbox 1175 724 1295 769; x_wconf 91' lang='lat' dir='ltr'><strong>omnes</strong></span> 
     </span>
     <span class='ocr_line' id='line_1_8' title="bbox 338 806 1300 890; baseline 0 -21"><span class='ocrx_word' id='word_1_30' title='bbox 338 807 464 888; x_wconf 87' lang='lat' dir='ltr'><strong>palam,</strong></span> <span class='ocrx_word' id='word_1_31' title='bbox 484 827 562 889; x_wconf 87' lang='lat' dir='ltr'><strong>quae</strong></span> <span class='ocrx_word' id='word_1_32' title='bbox 582 817 770 890; x_wconf 82' lang='lat' dir='ltr'>gesserant,</span> <span class='ocrx_word' id='word_1_33' title='bbox 788 808 979 872; x_wconf 88' lang='lat' dir='ltr'><strong>confitendo</strong></span> <span class='ocrx_word' id='word_1_34' title='bbox 1001 807 1202 890; x_wconf 80' lang='lat' dir='ltr'><strong>proferrent,</strong></span> <span class='ocrx_word' id='word_1_35' title='bbox 1216 806 1300 888; x_wconf 92' lang='lat' dir='ltr'><strong>quia</strong></span> 
     </span>
     <span class='ocr_line' id='line_1_9' title="bbox 340 908 1336 990; baseline -0.001 -21"><span class='ocrx_word' id='word_1_36' title='bbox 340 908 496 971; x_wconf 93' lang='lat' dir='ltr'><strong>nimirum</strong></span> <span class='ocrx_word' id='word_1_37' title='bbox 511 908 585 973; x_wconf 86' lang='lat' dir='ltr'><strong>haec</strong></span> <span class='ocrx_word' id='word_1_38' title='bbox 600 911 720 974; x_wconf 90' lang='lat' dir='ltr'><strong>eadem</strong></span> <span class='ocrx_word' id='word_1_39' title='bbox 734 911 830 975; x_wconf 92' lang='lat' dir='ltr'><strong>illum</strong></span> <span class='ocrx_word' id='word_1_40' title='bbox 844 911 953 975; x_wconf 90' lang='lat' dir='ltr'><strong>latere</strong></span> <span class='ocrx_word' id='word_1_41' title='bbox 967 911 1061 973; x_wconf 88' lang='lat' dir='ltr'><strong>nullo</strong></span> <span class='ocrx_word' id='word_1_42' title='bbox 1080 909 1182 973; x_wconf 93' lang='lat' dir='ltr'><strong>modo</strong></span> <span class='ocrx_word' id='word_1_43' title='bbox 1196 914 1299 990; x_wconf 89' lang='lat' dir='ltr'><strong>puta·</strong></span> <span class='ocrx_word' id='word_1_44' title='bbox 1323 925 1336 967; x_wconf 78' lang='lat' dir='ltr'><strong>a</strong></span> 
     </span>
     <span class='ocr_line' id='line_1_10' title="bbox 339 1009 1296 1094; baseline 0 -22"><span class='ocrx_word' id='word_1_45' title='bbox 339 1010 434 1087; x_wconf 92' lang='lat' dir='ltr'><strong>bant,</strong></span> <span class='ocrx_word' id='word_1_46' title='bbox 449 1018 485 1074; x_wconf 90' lang='lat' dir='ltr'><strong>et</strong></span> <span class='ocrx_word' id='word_1_47' title='bbox 499 1010 658 1075; x_wconf 90' lang='lat' dir='ltr'><strong>confessa</strong></span> <span class='ocrx_word' id='word_1_48' title='bbox 672 1011 794 1094; x_wconf 82' lang='lat' dir='ltr'>dignis,</span> <span class='ocrx_word' id='word_1_49' title='bbox 808 1018 847 1075; x_wconf 90' lang='lat' dir='ltr'><strong>ut</strong></span> <span class='ocrx_word' id='word_1_50' title='bbox 863 1013 1062 1093; x_wconf 81' lang='lat' dir='ltr'>imperabat,</span> <span class='ocrx_word' id='word_1_51' title='bbox 1082 1009 1296 1094; x_wconf 85' lang='lat' dir='ltr'><strong>poenitentiae</strong></span> 
     </span>
     <span class='ocr_line' id='line_1_11' title="bbox 339 1109 1296 1194; baseline 0.002 -22"><span class='ocrx_word' id='word_1_52' title='bbox 339 1109 506 1176; x_wconf 85' lang='lat' dir='ltr'><strong>fructibus</strong></span> <span class='ocrx_word' id='word_1_53' title='bbox 520 1113 761 1194; x_wconf 84' lang='lat' dir='ltr'><strong>abstergerent.</strong></span> <span class='ocrx_word' id='word_1_54' title='bbox 806 1112 947 1176; x_wconf 82' lang='lat' dir='ltr'><strong>Solebat</strong></span> <span class='ocrx_word' id='word_1_55' title='bbox 959 1120 1073 1176; x_wconf 90' lang='lat' dir='ltr'><strong>autem</strong></span> <span class='ocrx_word' id='word_1_56' title='bbox 1089 1131 1132 1175; x_wconf 90' lang='lat' dir='ltr'><strong>ea</strong></span> <span class='ocrx_word' id='word_1_57' title='bbox 1147 1109 1296 1174; x_wconf 85' lang='lat' dir='ltr'>maxime</span> 
     </span>
     <span class='ocr_line' id='line_1_12' title="bbox 339 1212 1298 1296; baseline -0.001 -21"><span class='ocrx_word' id='word_1_58' title='bbox 339 1212 419 1276; x_wconf 89' lang='lat' dir='ltr'><strong>loca</strong></span> <span class='ocrx_word' id='word_1_59' title='bbox 443 1232 634 1296; x_wconf 84' lang='lat' dir='ltr'><strong>peragrare,</strong></span> <span class='ocrx_word' id='word_1_60' title='bbox 657 1214 727 1277; x_wconf 90' lang='lat' dir='ltr'><strong>illis</strong></span> <span class='ocrx_word' id='word_1_61' title='bbox 753 1213 941 1296; x_wconf 84' lang='lat' dir='ltr'><strong>praedicare</strong></span> <span class='ocrx_word' id='word_1_62' title='bbox 966 1214 1002 1276; x_wconf 90' lang='lat' dir='ltr'><strong>in</strong></span> <span class='ocrx_word' id='word_1_63' title='bbox 1022 1213 1157 1289; x_wconf 87' lang='lat' dir='ltr'><strong>viculis,</strong></span> <span class='ocrx_word' id='word_1_64' title='bbox 1178 1212 1239 1294; x_wconf 92' lang='lat' dir='ltr'><strong>qui</strong></span> <span class='ocrx_word' id='word_1_65' title='bbox 1260 1213 1298 1275; x_wconf 92' lang='lat' dir='ltr'><strong>in</strong></span> 
     </span>
     <span class='ocr_line' id='line_1_13' title="bbox 342 1312 1297 1399; baseline -0.003 -21"><span class='ocrx_word' id='word_1_66' title='bbox 342 1316 469 1391; x_wconf 90' lang='lat' dir='ltr'><strong>arduis,</strong></span> <span class='ocrx_word' id='word_1_67' title='bbox 497 1317 695 1399; x_wconf 89' lang='lat' dir='ltr'><strong>asperisque</strong></span> <span class='ocrx_word' id='word_1_68' title='bbox 730 1317 902 1380; x_wconf 90' lang='lat' dir='ltr'><strong>montibus</strong></span> <span class='ocrx_word' id='word_1_69' title='bbox 932 1314 1050 1397; x_wconf 87' lang='lat' dir='ltr'><strong>procul</strong></span> <span class='ocrx_word' id='word_1_70' title='bbox 1083 1313 1188 1396; x_wconf 89' lang='lat' dir='ltr'><strong>positi</strong></span> <span class='ocrx_word' id='word_1_71' title='bbox 1219 1312 1297 1376; x_wconf 87' lang='lat' dir='ltr'><strong>aliis</strong></span> 
     </span>
     <span class='ocr_line' id='line_1_14' title="bbox 341 1415 1339 1499; baseline -0.002 -21"><span class='ocrx_word' id='word_1_72' title='bbox 341 1416 469 1480; x_wconf 88' lang='lat' dir='ltr'><strong>horrori</strong></span> <span class='ocrx_word' id='word_1_73' title='bbox 493 1425 591 1481; x_wconf 89' lang='lat' dir='ltr'><strong>erant</strong></span> <span class='ocrx_word' id='word_1_74' title='bbox 615 1418 658 1481; x_wconf 89' lang='lat' dir='ltr'><strong>ad</strong></span> <span class='ocrx_word' id='word_1_75' title='bbox 679 1419 869 1495; x_wconf 85' lang='lat' dir='ltr'><strong>visendum,</strong></span> <span class='ocrx_word' id='word_1_76' title='bbox 891 1424 926 1481; x_wconf 90' lang='lat' dir='ltr'><strong>et</strong></span> <span class='ocrx_word' id='word_1_77' title='bbox 945 1423 1148 1499; x_wconf 87' lang='lat' dir='ltr'><strong>paupertate</strong></span> <span class='ocrx_word' id='word_1_78' title='bbox 1170 1415 1339 1497; x_wconf 79' lang='lat' dir='ltr'><strong>paritario</strong></span> 
     </span>
     <span class='ocr_line' id='line_1_15' title="bbox 342 1518 1297 1601; baseline -0.003 -21"><span class='ocrx_word' id='word_1_79' title='bbox 342 1537 383 1581; x_wconf 89' lang='lat' dir='ltr'><strong>ac</strong></span> <span class='ocrx_word' id='word_1_80' title='bbox 398 1519 589 1582; x_wconf 83' lang='lat' dir='ltr'><strong>rusticitate</strong></span> <span class='ocrx_word' id='word_1_81' title='bbox 605 1539 669 1583; x_wconf 88' lang='lat' dir='ltr'><strong>sua</strong></span> <span class='ocrx_word' id='word_1_82' title='bbox 684 1521 859 1584; x_wconf 90' lang='lat' dir='ltr'><strong>doctorum</strong></span> <span class='ocrx_word' id='word_1_83' title='bbox 871 1518 1097 1601; x_wconf 90' lang='lat' dir='ltr'><strong>prohibebant</strong></span> <span class='ocrx_word' id='word_1_84' title='bbox 1108 1535 1297 1581; x_wconf 86' lang='lat' dir='ltr'><strong>accessum.</strong></span> 
     </span>
     <span class='ocr_line' id='line_1_16' title="bbox 343 1616 1299 1702; baseline 0 -22"><span class='ocrx_word' id='word_1_85' title='bbox 343 1616 441 1695; x_wconf 82' lang='lat' dir='ltr'><strong>Quos</strong></span> <span class='ocrx_word' id='word_1_86' title='bbox 468 1626 583 1683; x_wconf 90' lang='lat' dir='ltr'><strong>tamen</strong></span> <span class='ocrx_word' id='word_1_87' title='bbox 606 1620 663 1684; x_wconf 92' lang='lat' dir='ltr'><strong>ille</strong></span> <span class='ocrx_word' id='word_1_88' title='bbox 692 1620 750 1702; x_wconf 92' lang='lat' dir='ltr'><strong>pio</strong></span> <span class='ocrx_word' id='word_1_89' title='bbox 772 1619 919 1684; x_wconf 88' lang='lat' dir='ltr'><strong>libenter</strong></span> <span class='ocrx_word' id='word_1_90' title='bbox 944 1619 1160 1700; x_wconf 87' lang='lat' dir='ltr'><strong>mancipatus</strong></span> <span class='ocrx_word' id='word_1_91' title='bbox 1187 1617 1299 1681; x_wconf 88' lang='lat' dir='ltr'><strong>labori</strong></span> 
     </span>
     <span class='ocr_line' id='line_1_17' title="bbox 342 1719 1300 1798; baseline -0.002 -15"><span class='ocrx_word' id='word_1_92' title='bbox 342 1727 441 1783; x_wconf 85' lang='grc'><strong>111111</strong></span> <span class='ocrx_word' id='word_1_93' title='bbox 459 1719 623 1783; x_wconf 82' lang='lat' dir='ltr'><strong>doctrinae</strong></span> <span class='ocrx_word' id='word_1_94' title='bbox 643 1721 824 1785; x_wconf 82' lang='lat' dir='ltr'><strong>excolebat</strong></span> <span class='ocrx_word' id='word_1_95' title='bbox 844 1720 1025 1798; x_wconf 89' lang='lat' dir='ltr'><strong>industria,</strong></span> <span class='ocrx_word' id='word_1_96' title='bbox 1042 1727 1081 1784; x_wconf 88' lang='lat' dir='ltr'><strong>ut</strong></span> <span class='ocrx_word' id='word_1_97' title='bbox 1101 1720 1143 1782; x_wconf 89' lang='lat' dir='ltr'><strong>de</strong></span> <span class='ocrx_word' id='word_1_98' title='bbox 1163 1737 1300 1782; x_wconf 87' lang='lat' dir='ltr'><strong>monas-</strong></span> 
     </span>
     <span class='ocr_line' id='line_1_18' title="bbox 343 1819 1300 1903; baseline -0.003 -19"><span class='ocrx_word' id='word_1_99' title='bbox 343 1821 429 1884; x_wconf 90' lang='lat' dir='ltr'><strong>terio</strong></span> <span class='ocrx_word' id='word_1_100' title='bbox 439 1821 624 1901; x_wconf 83' lang='lat' dir='ltr'><strong>egrediens,</strong></span> <span class='ocrx_word' id='word_1_101' title='bbox 634 1842 727 1903; x_wconf 87' lang='lat' dir='ltr'><strong>saepe</strong></span> <span class='ocrx_word' id='word_1_102' title='bbox 736 1822 952 1886; x_wconf 88' lang='lat' dir='ltr'><strong>hebdomada</strong></span> <span class='ocrx_word' id='word_1_103' title='bbox 960 1821 1101 1903; x_wconf 86' lang='lat' dir='ltr'><strong>integra,</strong></span> <span class='ocrx_word' id='word_1_104' title='bbox 1114 1819 1300 1902; x_wconf 88' lang='lat' dir='ltr'><strong>aliqnando</strong></span> 
     </span>
     <span class='ocr_line' id='line_1_19' title="bbox 344 1920 1341 2005; baseline -0.001 -22"><span class='ocrx_word' id='word_1_105' title='bbox 344 1920 543 1984; x_wconf 88' lang='lat' dir='ltr'><strong>duabusvel</strong></span> <span class='ocrx_word' id='word_1_106' title='bbox 559 1921 678 1998; x_wconf 76' lang='lat' dir='ltr'><strong>tribuS,</strong></span> <span class='ocrx_word' id='word_1_107' title='bbox 688 1942 934 2005; x_wconf 90' lang='lat' dir='ltr'><strong>nonnunquam</strong></span> <span class='ocrx_word' id='word_1_108' title='bbox 946 1923 1050 1985; x_wconf 88' lang='lat' dir='ltr'><strong>etiam</strong></span> <span class='ocrx_word' id='word_1_109' title='bbox 1061 1921 1341 2002; x_wconf 76' lang='lat' dir='ltr'><strong>mensepleno,1t</strong></span> 
     </span>
     <span class='ocr_line' id='line_1_20' title="bbox 346 2022 1301 2100; baseline -0.002 -14"><span class='ocrx_word' id='word_1_110' title='bbox 346 2022 482 2086; x_wconf 93' lang='lat' dir='ltr'><strong>domum</strong></span> <span class='ocrx_word' id='word_1_111' title='bbox 507 2042 575 2085; x_wconf 94' lang='lat' dir='ltr'><strong>non</strong></span> <span class='ocrx_word' id='word_1_112' title='bbox 600 2024 735 2100; x_wconf 90' lang='lat' dir='ltr'><strong>rediret,</strong></span> <span class='ocrx_word' id='word_1_113' title='bbox 759 2025 819 2088; x_wconf 92' lang='lat' dir='ltr'><strong>sed</strong></span> <span class='ocrx_word' id='word_1_114' title='bbox 845 2025 1041 2087; x_wconf 88' lang='lat' dir='ltr'><strong>demoratus</strong></span> <span class='ocrx_word' id='word_1_115' title='bbox 1066 2023 1102 2085; x_wconf 90' lang='lat' dir='ltr'><strong>in</strong></span> <span class='ocrx_word' id='word_1_116' title='bbox 1128 2022 1301 2085; x_wconf 89' lang='lat' dir='ltr'><strong>montanis</strong></span> 
     </span>
     <span class='ocr_line' id='line_1_21' title="bbox 345 2123 1302 2208; baseline -0.001 -22"><span class='ocrx_word' id='word_1_117' title='bbox 345 2123 479 2206; x_wconf 89' lang='lat' dir='ltr'><strong>plebem</strong></span> <span class='ocrx_word' id='word_1_118' title='bbox 503 2125 667 2188; x_wconf 92' lang='lat' dir='ltr'><strong>rusticam</strong></span> <span class='ocrx_word' id='word_1_119' title='bbox 684 2126 787 2189; x_wconf 81' lang='lat' dir='ltr'><strong>verbo</strong></span> <span class='ocrx_word' id='word_1_120' title='bbox 807 2125 1062 2208; x_wconf 85' lang='lat' dir='ltr'><strong>praedicationis</strong></span> <span class='ocrx_word' id='word_1_121' title='bbox 1077 2123 1178 2187; x_wconf 90' lang='lat' dir='ltr'><strong>simul</strong></span> <span class='ocrx_word' id='word_1_122' title='bbox 1192 2130 1226 2186; x_wconf 90' lang='lat' dir='ltr'><strong>et</strong></span> <span class='ocrx_word' id='word_1_123' title='bbox 1241 2141 1302 2186; x_wconf 86' lang='lat' dir='ltr'><strong>ex-</strong></span> 
     </span>
     <span class='ocr_line' id='line_1_22' title="bbox 346 2225 1005 2307; baseline 0 -19"><span class='ocrx_word' id='word_1_124' title='bbox 346 2225 458 2307; x_wconf 93' lang='lat' dir='ltr'><strong>emplo</strong></span> <span class='ocrx_word' id='word_1_125' title='bbox 473 2225 608 2289; x_wconf 87' lang='lat' dir='ltr'><strong>virtutis</strong></span> <span class='ocrx_word' id='word_1_126' title='bbox 624 2226 668 2290; x_wconf 93' lang='lat' dir='ltr'><strong>ad</strong></span> <span class='ocrx_word' id='word_1_127' title='bbox 684 2225 840 2290; x_wconf 87' lang='lat' dir='ltr'><strong>coelestia</strong></span> <span class='ocrx_word' id='word_1_128' title='bbox 856 2234 1005 2292; x_wconf 90' lang='lat' dir='ltr'><strong>vocaret.</strong></span> 
     </span>
    </p>
   </div>
   <div class='ocr_carea' id='block_1_5' title="bbox 708 2462 940 2527">
    <p class='ocr_par' dir='ltr' id='par_1_5' title="bbox 708 2462 940 2527">
     <span class='ocr_line' id='line_1_23' title="bbox 708 2462 940 2527; baseline -0.004 0"><span class='ocrx_word' id='word_1_129' title='bbox 708 2462 868 2527; x_wconf 84' lang='lat' dir='ltr'><strong>CAPUT</strong></span> <span class='ocrx_word' id='word_1_130' title='bbox 890 2463 940 2526; x_wconf 92' lang='lat' dir='ltr'><strong>X.</strong></span> 
     </span>
    </p>
   </div>
   <div class='ocr_carea' id='block_1_6' title="bbox 350 2630 1346 2823">
    <p class='ocr_par' dir='ltr' id='par_1_6' title="bbox 350 2630 1346 2823">
     <span class='ocr_line' id='line_1_24' title="bbox 350 2630 1346 2721; baseline -0.008 -20"><span class='ocrx_word' id='word_1_131' title='bbox 350 2630 508 2701; x_wconf 76' lang='lat' dir='ltr'><strong>Quornodo</strong></span> <span class='ocrx_word' id='word_1_132' title='bbox 527 2635 679 2698; x_wconf 81' lang='lat' dir='ltr'><strong>animalia</strong></span> <span class='ocrx_word' id='word_1_133' title='bbox 697 2637 803 2716; x_wconf 83' lang='lat' dir='ltr'><strong>muris,</strong></span> <span class='ocrx_word' id='word_1_134' title='bbox 818 2636 853 2698; x_wconf 83' lang='lat' dir='ltr'><strong>in</strong></span> <span class='ocrx_word' id='word_1_135' title='bbox 872 2656 931 2721; x_wconf 84' lang='lat' dir='ltr'><strong>quo</strong></span> <span class='ocrx_word' id='word_1_136' title='bbox 941 2655 1064 2720; x_wconf 79' lang='lat' dir='ltr'><strong>pernox</strong></span> <span class='ocrx_word' id='word_1_137' title='bbox 1082 2630 1346 2710; x_wconf 63' lang='lat' dir='ltr'><strong>annocentia</strong></span> 
     </span>
     <span class='ocr_line' id='line_1_25' title="bbox 389 2731 1305 2823; baseline -0.003 -26"><span class='ocrx_word' id='word_1_138' title='bbox 389 2757 527 2821; x_wconf 73' lang='lat' dir='ltr'><strong>represso</strong></span> <span class='ocrx_word' id='word_1_139' title='bbox 543 2737 739 2823; x_wconf 70' lang='lat' dir='ltr'><strong>probamint</strong></span> <span class='ocrx_word' id='word_1_140' title='bbox 758 2736 940 2822; x_wconf 81' lang='lat' dir='ltr'><strong>obsequium,</strong></span> <span class='ocrx_word' id='word_1_141' title='bbox 964 2745 993 2799; x_wconf 96' lang='grc'><strong>11</strong></span> <span class='ocrx_word' id='word_1_142' title='bbox 1014 2734 1145 2812; x_wconf 81' lang='lat' dir='ltr'><strong>Frater,</strong></span> <span class='ocrx_word' id='word_1_143' title='bbox 1164 2733 1219 2818; x_wconf 83' lang='lat' dir='ltr'><strong>qui</strong></span> <span class='ocrx_word' id='word_1_144' title='bbox 1239 2731 1305 2795; x_wconf 79' lang='lat' dir='ltr'><strong>hoec</strong></span> 
     </span>
    </p>
   </div>
   <div class='ocr_carea' id='block_1_7' title="bbox 389 2827 1400 3002">
    <p class='ocr_par' dir='ltr' id='par_1_7' title="bbox 389 2827 1400 3002">
     <span class='ocr_line' id='line_1_26' title="bbox 390 2827 1400 2924; baseline -0.002 -26"><span class='ocrx_word' id='word_1_145' title='bbox 390 2837 528 2916; x_wconf 84' lang='lat' dir='ltr'><strong>videbat,</strong></span> <span class='ocrx_word' id='word_1_146' title='bbox 547 2861 618 2924; x_wconf 84' lang='lat' dir='ltr'><strong>proe</strong></span> <span class='ocrx_word' id='word_1_147' title='bbox 642 2841 751 2902; x_wconf 81' lang='lat' dir='ltr'><strong>timore</strong></span> <span class='ocrx_word' id='word_1_148' title='bbox 774 2839 981 2923; x_wconf 71' lang='lat' dir='ltr'><strong>torqueamus,</strong></span> <span class='ocrx_word' id='word_1_149' title='bbox 1006 2838 1072 2923; x_wconf 77' lang='lat' dir='ltr'><strong>ejus</strong></span> <span class='ocrx_word' id='word_1_150' title='bbox 1096 2837 1139 2899; x_wconf 82' lang='lat' dir='ltr'><strong>sit</strong></span> <span class='ocrx_word' id='word_1_151' title='bbox 1164 2835 1307 2898; x_wconf 82' lang='lat' dir='ltr'><strong>oratione</strong></span> <span class='ocrx_word' id='word_1_152' title='bbox 1398 2827 1400 2831; x_wconf 63' lang='grc'><strong>’</strong></span> 
     </span>
     <span class='ocr_line' id='line_1_27' title="bbox 389 2949 556 3002; baseline 0.006 -1"><span class='ocrx_word' id='word_1_153' title='bbox 389 2949 556 3002; x_wconf 82' lang='lat' dir='ltr'><strong>recreatus.</strong></span> 
     </span>
    </p>
   </div>
   <div class='ocr_carea' id='block_1_8' title="bbox 348 3139 1347 3522">
    <p class='ocr_par' dir='ltr' id='par_1_8' title="bbox 348 3139 1347 3522">
     <span class='ocr_line' id='line_1_28' title="bbox 349 3139 1306 3224; baseline -0.003 -19"><span class='ocrx_word' id='word_1_154' title='bbox 349 3143 435 3224; x_wconf 58' lang='lat'><strong>516.</strong></span> <span class='ocrx_word' id='word_1_155' title='bbox 459 3143 546 3207; x_wconf 83' lang='lat' dir='ltr'><strong>CUM</strong></span> <span class='ocrx_word' id='word_1_156' title='bbox 567 3162 647 3208; x_wconf 82' lang='lat' dir='ltr'><strong>vero</strong></span> <span class='ocrx_word' id='word_1_157' title='bbox 668 3152 808 3208; x_wconf 88' lang='lat' dir='ltr'><strong>sanctus</strong></span> <span class='ocrx_word' id='word_1_158' title='bbox 829 3147 883 3208; x_wconf 92' lang='lat' dir='ltr'><strong>vir</strong></span> <span class='ocrx_word' id='word_1_159' title='bbox 902 3145 937 3207; x_wconf 93' lang='lat' dir='ltr'><strong>in</strong></span> <span class='ocrx_word' id='word_1_160' title='bbox 959 3143 1078 3208; x_wconf 90' lang='lat' dir='ltr'><strong>eodem</strong></span> <span class='ocrx_word' id='word_1_161' title='bbox 1098 3139 1306 3203; x_wconf 87' lang='lat' dir='ltr'><strong>monasterio</strong></span> 
     </span>
     <span class='ocr_line' id='line_1_29' title="bbox 348 3243 1347 3326; baseline -0.005 -20"><span class='ocrx_word' id='word_1_162' title='bbox 348 3244 530 3307; x_wconf 82' lang='lat' dir='ltr'><strong>virtutibus</strong></span> <span class='ocrx_word' id='word_1_163' title='bbox 545 3243 720 3326; x_wconf 90' lang='lat' dir='ltr'><strong>signisque</strong></span> <span class='ocrx_word' id='word_1_164' title='bbox 736 3252 976 3322; x_wconf 88' lang='lat' dir='ltr'><strong>succresceret,</strong></span> <span class='ocrx_word' id='word_1_165' title='bbox 990 3243 1152 3325; x_wconf 81' lang='lat' dir='ltr'><strong>famaque</strong></span> <span class='ocrx_word' id='word_1_166' title='bbox 1167 3260 1307 3323; x_wconf 89' lang='lat' dir='ltr'><strong>operum</strong></span> <span class='ocrx_word' id='word_1_167' title='bbox 1317 3257 1347 3302; x_wconf 78' lang='grc'><strong>11</strong></span> 
     </span>
     <span class='ocr_line' id='line_1_30' title="bbox 349 3340 1307 3428; baseline -0.005 -21"><span class='ocrx_word' id='word_1_168' title='bbox 349 3344 424 3426; x_wconf 84' lang='lat' dir='ltr'><strong>ejus</strong></span> <span class='ocrx_word' id='word_1_169' title='bbox 435 3344 702 3428; x_wconf 87' lang='lat' dir='ltr'><strong>circumquaque</strong></span> <span class='ocrx_word' id='word_1_170' title='bbox 713 3347 951 3421; x_wconf 89' lang='lat' dir='ltr'><strong>crebresceret,</strong></span> <span class='ocrx_word' id='word_1_171' title='bbox 961 3351 1035 3408; x_wconf 86' lang='lat' dir='ltr'><strong>erat</strong></span> <span class='ocrx_word' id='word_1_172' title='bbox 1047 3340 1307 3407; x_wconf 68' lang='lat' dir='ltr'><strong>sanctimonialis</strong></span> 
     </span>
     <span class='ocr_line' id='line_1_31' title="bbox 348 3442 1309 3522; baseline 0 -17"><span class='ocrx_word' id='word_1_173' title='bbox 348 3442 474 3506; x_wconf 87' lang='lat' dir='ltr'><strong>femina</strong></span> <span class='ocrx_word' id='word_1_174' title='bbox 489 3450 523 3507; x_wconf 92' lang='lat' dir='ltr'><strong>et</strong></span> <span class='ocrx_word' id='word_1_175' title='bbox 538 3445 653 3508; x_wconf 90' lang='lat' dir='ltr'><strong>Mater</strong></span> <span class='ocrx_word' id='word_1_176' title='bbox 666 3445 868 3508; x_wconf 91' lang='lat' dir='ltr'><strong>ancillarum</strong></span> <span class='ocrx_word' id='word_1_177' title='bbox 882 3444 1020 3522; x_wconf 85' lang='lat' dir='ltr'><strong>Christi,</strong></span> <span class='ocrx_word' id='word_1_178' title='bbox 1034 3444 1170 3508; x_wconf 94' lang='lat' dir='ltr'><strong>nomine</strong></span> <span class='ocrx_word' id='word_1_179' title='bbox 1185 3443 1309 3519; x_wconf 89' lang='lat' dir='ltr'><strong>AEbbe,</strong></span> 
     </span>
    </p>
   </div>
   <div class='ocr_carea' id='block_1_9' title="bbox 351 3713 1312 3923">
    <p class='ocr_par' dir='ltr' id='par_1_9' title="bbox 351 3713 1312 3923">
     <span class='ocr_line' id='line_1_32' title="bbox 387 3713 1306 3785; baseline -0.003 -18"><span class='ocrx_word' id='word_1_180' title='bbox 387 3715 406 3745; x_wconf 84' lang='lat'><strong>¹⁹</strong></span> <span class='ocrx_word' id='word_1_181' title='bbox 422 3713 570 3785; x_wconf 57' lang='grc'><strong>01111111]</strong></span> <span class='ocrx_word' id='word_1_182' title='bbox 588 3716 811 3783; x_wconf 64' lang='lat' dir='ltr'><strong>vit.An0n.§1a;</strong></span> <span class='ocrx_word' id='word_1_183' title='bbox 846 3717 955 3778; x_wconf 87' lang='lat' dir='ltr'><strong>umbria,</strong></span> <span class='ocrx_word' id='word_1_184' title='bbox 968 3717 1017 3766; x_wconf 86' lang='lat' dir='ltr'><strong>and</strong></span> <span class='ocrx_word' id='word_1_185' title='bbox 1031 3717 1106 3764; x_wconf 88' lang='lat' dir='ltr'><strong>sister</strong></span> <span class='ocrx_word' id='word_1_186' title='bbox 1122 3716 1151 3764; x_wconf 86' lang='lat' dir='ltr'><strong>of</strong></span> <span class='ocrx_word' id='word_1_187' title='bbox 1165 3715 1239 3764; x_wconf 87' lang='lat' dir='ltr'><strong>Oswi</strong></span> <span class='ocrx_word' id='word_1_188' title='bbox 1256 3717 1306 3764; x_wconf 85' lang='lat' dir='ltr'><strong>and</strong></span> 
     </span>
     <span class='ocr_line' id='line_1_33' title="bbox 351 3786 1308 3850; baseline -0.002 -14"><span class='ocrx_word' id='word_1_189' title='bbox 351 3789 407 3836; x_wconf 87' lang='lat' dir='ltr'><strong>vit.</strong></span> <span class='ocrx_word' id='word_1_190' title='bbox 418 3789 483 3837; x_wconf 80' lang='lat' dir='ltr'><strong>Met</strong></span> <span class='ocrx_word' id='word_1_191' title='bbox 496 3788 562 3850; x_wconf 86' lang='lat' dir='ltr'><strong>Cap.</strong></span> <span class='ocrx_word' id='word_1_192' title='bbox 575 3800 634 3836; x_wconf 83' lang='lat' dir='ltr'><strong>vui.</strong></span> <span class='ocrx_word' id='word_1_193' title='bbox 848 3787 965 3836; x_wconf 88' lang='lat' dir='ltr'><strong>Oswald.</strong></span> <span class='ocrx_word' id='word_1_194' title='bbox 1002 3787 1053 3835; x_wconf 86' lang='lat' dir='ltr'><strong>She</strong></span> <span class='ocrx_word' id='word_1_195' title='bbox 1070 3786 1130 3834; x_wconf 89' lang='lat' dir='ltr'><strong>died</strong></span> <span class='ocrx_word' id='word_1_196' title='bbox 1154 3798 1179 3834; x_wconf 75' lang='lat' dir='ltr'><strong>a,</strong></span> <span class='ocrx_word' id='word_1_197' title='bbox 1201 3799 1229 3834; x_wconf 86' lang='lat' dir='ltr'><strong>u.</strong></span> <span class='ocrx_word' id='word_1_198' title='bbox 1249 3790 1308 3846; x_wconf 79' lang='grc'>683,</span> 
     </span>
     <span class='ocr_line' id='line_1_34' title="bbox 386 3850 1312 3923; baseline -0.004 -17"><span class='ocrx_word' id='word_1_199' title='bbox 386 3855 406 3887; x_wconf 75' lang='lat'><strong>²⁴</strong></span> <span class='ocrx_word' id='word_1_200' title='bbox 423 3850 704 3923; x_wconf 63' lang='lat' dir='ltr'><strong>incommunicatum]</strong></span> <span class='ocrx_word' id='word_1_201' title='bbox 719 3857 813 3905; x_wconf 87' lang='lat' dir='ltr'><strong>Name-</strong></span> <span class='ocrx_word' id='word_1_202' title='bbox 847 3857 982 3918; x_wconf 85' lang='lat' dir='ltr'><strong>Capgrave</strong></span> <span class='ocrx_word' id='word_1_203' title='bbox 999 3871 1059 3916; x_wconf 87' lang='lat' dir='ltr'><strong>says</strong></span> <span class='ocrx_word' id='word_1_204' title='bbox 1076 3870 1144 3916; x_wconf 90' lang='lat' dir='ltr'><strong>upon</strong></span> <span class='ocrx_word' id='word_1_205' title='bbox 1162 3856 1205 3903; x_wconf 88' lang='lat' dir='ltr'><strong>the</strong></span> <span class='ocrx_word' id='word_1_206' title='bbox 1222 3856 1267 3903; x_wconf 82' lang='lat' dir='ltr'><strong>eth</strong></span> <span class='ocrx_word' id='word_1_207' title='bbox 1283 3856 1312 3903; x_wconf 82' lang='lat' dir='ltr'><strong>os</strong></span> 
     </span>
    </p>
   </div>
   <div class='ocr_carea' id='block_1_10' title="bbox 352 3925 1417 3990">
    <p class='ocr_par' dir='ltr' id='par_1_10' title="bbox 352 3925 1417 3990">
     <span class='ocr_line' id='line_1_35' title="bbox 352 3925 1417 3990; baseline -0.004 -14"><span class='ocrx_word' id='word_1_208' title='bbox 352 3929 389 3990; x_wconf 89' lang='lat' dir='ltr'><strong>ly,</strong></span> <span class='ocrx_word' id='word_1_209' title='bbox 402 3929 524 3977; x_wconf 86' lang='lat' dir='ltr'><strong>Meirose.</strong></span> <span class='ocrx_word' id='word_1_210' title='bbox 848 3928 890 3975; x_wconf 88' lang='lat' dir='ltr'><strong>the</strong></span> <span class='ocrx_word' id='word_1_211' title='bbox 904 3927 1014 3975; x_wconf 84' lang='lat' dir='ltr'><strong>kalende</strong></span> <span class='ocrx_word' id='word_1_212' title='bbox 1032 3926 1061 3973; x_wconf 83' lang='lat' dir='ltr'><strong>os</strong></span> <span class='ocrx_word' id='word_1_213' title='bbox 1075 3926 1234 3985; x_wconf 88' lang='lat' dir='ltr'><strong>September,</strong></span> <span class='ocrx_word' id='word_1_214' title='bbox 1251 3925 1309 3973; x_wconf 80' lang='lat' dir='ltr'><strong>four</strong></span> <span class='ocrx_word' id='word_1_215' title='bbox 1415 3943 1417 3947; x_wconf 62' lang='grc'>’</span> 
     </span>
    </p>
   </div>
   <div class='ocr_carea' id='block_1_11' title="bbox 352 3994 1308 4129">
    <p class='ocr_par' dir='ltr' id='par_1_11' title="bbox 352 3994 1308 4129">
     <span class='ocr_line' id='line_1_36' title="bbox 387 3994 1308 4065; baseline -0.001 -19"><span class='ocrx_word' id='word_1_216' title='bbox 387 3995 406 4027; x_wconf 79' lang='lat'><strong>²⁷</strong></span> <span class='ocrx_word' id='word_1_217' title='bbox 422 3994 517 4065; x_wconf 84' lang='lat' dir='ltr'><strong>AEbbe.]</strong></span> <span class='ocrx_word' id='word_1_218' title='bbox 537 3997 587 4047; x_wconf 88' lang='lat' dir='ltr'><strong>She</strong></span> <span class='ocrx_word' id='word_1_219' title='bbox 597 4012 651 4046; x_wconf 87' lang='lat' dir='ltr'><strong>was</strong></span> <span class='ocrx_word' id='word_1_220' title='bbox 663 3996 706 4044; x_wconf 89' lang='lat' dir='ltr'><strong>the</strong></span> <span class='ocrx_word' id='word_1_221' title='bbox 714 3995 813 4056; x_wconf 79' lang='lat' dir='ltr'><strong>daugh-</strong></span> <span class='ocrx_word' id='word_1_222' title='bbox 847 4011 922 4057; x_wconf 85' lang='lat' dir='ltr'><strong>years</strong></span> <span class='ocrx_word' id='word_1_223' title='bbox 940 3997 1027 4045; x_wconf 82' lang='lat' dir='ltr'><strong>before</strong></span> <span class='ocrx_word' id='word_1_224' title='bbox 1043 3996 1086 4044; x_wconf 90' lang='lat' dir='ltr'><strong>the</strong></span> <span class='ocrx_word' id='word_1_225' title='bbox 1103 3996 1211 4044; x_wconf 86' lang='lat' dir='ltr'><strong>decease</strong></span> <span class='ocrx_word' id='word_1_226' title='bbox 1225 3995 1254 4044; x_wconf 84' lang='lat' dir='ltr'><strong>oi</strong></span> <span class='ocrx_word' id='word_1_227' title='bbox 1270 3997 1308 4046; x_wconf 90' lang='lat' dir='ltr'><strong>St.</strong></span> 
     </span>
     <span class='ocr_line' id='line_1_37' title="bbox 352 4065 981 4129; baseline -0.002 -12"><span class='ocrx_word' id='word_1_228' title='bbox 352 4069 431 4117; x_wconf 83' lang='grc'><strong>11111</strong></span> <span class='ocrx_word' id='word_1_229' title='bbox 442 4068 582 4116; x_wconf 86' lang='lat' dir='ltr'><strong>Ethelfrith</strong></span> <span class='ocrx_word' id='word_1_230' title='bbox 594 4068 658 4129; x_wconf 80' lang='lat' dir='ltr'><strong>king</strong></span> <span class='ocrx_word' id='word_1_231' title='bbox 672 4067 701 4115; x_wconf 85' lang='lat' dir='ltr'><strong>os</strong></span> <span class='ocrx_word' id='word_1_232' title='bbox 718 4065 814 4115; x_wconf 88' lang='lat' dir='ltr'><strong>North·</strong></span> <span class='ocrx_word' id='word_1_233' title='bbox 848 4067 981 4116; x_wconf 87' lang='lat' dir='ltr'><strong>Cuthbert.</strong></span> 
     </span>
    </p>
   </div>
   <div class='ocr_carea' id='block_1_12' title="bbox 0 0 1453 4890">
    <p class='ocr_par' dir='ltr' id='par_1_12' title="bbox 0 0 1453 4890">
     <span class='ocr_line' id='line_1_38' title="bbox 0 0 1453 4890; baseline 0 0"><span class='ocrx_word' id='word_1_234' title='bbox 0 0 1453 4890; x_wconf 95' lang='lat' dir='ltr'><strong> </strong></span> 
     </span>
    </p>
   </div>
  </div>
 </body>
</html>
