2850 4890
327 351 418 399 vrrn
434 352 463 400 s.
482 352 846 414 cu'rnnnnr1‚nucr.
864 354 980 403 nuos.
1064 341 1129 407 283

175 512 336 581 conspectu
356 500 473 560 familiae
489 509 595 560 nostrae
617 501 722 571 oravit,
738 511 768 561 et
782 502 950 580 glorificans
970 502 1130 565 Dominum

174 590 202 646 in
218 589 327 647 sanctis
342 588 414 657 suis,
429 587 467 646 ad
482 587 613 657 domum,
625 587 703 647 unde
717 595 847 660 venerat,
861 598 983 649 sanatus
993 609 1129 651 reversus

176 681 231 733 est

231 764 307 832 §4⁵-
345 758 381 817 ln
408 759 517 817 honore
544 777 664 838 quoque
691 758 786 818 sancti
814 760 991 820 confessoris
1017 759 1077 820 Dei
1100 768 1131 821 et

146 844 399 924 nincorruptibilis
413 844 554 923 corporis,
569 843 686 902 volente
705 843 834 904 Domino
856 844 923 905 Deo
942 847 971 904 in
990 866 1027 905 eo
1048 866 1129 905 corn-

175 931 266 1009 plere,
286 930 366 1009 quod
388 930 427 988 de
445 929 560 988 Joanne
578 929 761 1008 evangelista
776 929 912 990 Christus
932 930 1023 991 Jesus
1041 931 1129 1011 profi-

176 1017 292 1075 ciscens
316 1016 458 1094 promisit,
481 1014 563 1074 Volo
584 1035 651 1074 eum
674 1017 718 1074 sic
743 1035 860 1076 manere
884 1015 979 1075 donec
1002 1018 1129 1090 veniam,

176 1101 268 1160 multa
298 1102 443 1160 mirabilia
469 1099 600 1179 quotidie
628 1101 657 1158 in
682 1101 838 1181 praesentia
865 1113 976 1172 nostra,
1001 1102 1130 1164 Domino

171 1195 341 1265 praestante,
370 1195 502 1264 agentur,
529 1205 565 1244 ex
589 1187 696 1264 quibus
718 1196 774 1258 est,
800 1186 882 1266 quod
905 1208 997 1268 nuper
1018 1187 1129 1247 facturn

133 1288 164 1332 10
174 1272 342 1332 recolimus.
386 1271 517 1338 Quidam
538 1291 665 1350 namque
681 1272 771 1331 frater
788 1272 827 1331 de
841 1273 952 1332 familia
966 1272 1129 1334 Vulbrordi

175 1359 319 1438 episcopi,
334 1369 414 1417 trans
433 1377 512 1416 mare
528 1357 649 1416 veniens
667 1377 760 1437 usque
775 1358 813 1417 ad
828 1378 894 1429 nos,
909 1360 938 1417 in
953 1358 1129 1438 hospitalem

176 1451 334 1522 susceptus
349 1454 405 1515 est,
420 1463 508 1522 quern
522 1453 686 1502 manentem
703 1445 731 1502 in
752 1444 878 1524 hospitio
898 1446 996 1522 gravis
1010 1444 1128 1504 infirmi-

175 1537 222 1587 tas
238 1530 366 1609 arripuit.
409 1528 564 1606 Fatigatus
579 1529 654 1587 enim
673 1528 762 1607 longo
780 1540 921 1609 tempore,
936 1539 966 1590 et
980 1539 1130 1610 postremo

175 1634 251 1693 pene
272 1623 456 1684 consumtus,
474 1613 513 1673 de
534 1615 597 1674 vita
616 1617 751 1694 praesenti
776 1614 926 1686 dubitans,
950 1615 1128 1696 desperavit.

132 1716 163 1760 15
176 1700 315 1760 Ministro
326 1709 423 1759 antem
438 1701 563 1758 coenobii
574 1701 666 1760 nostri
680 1699 827 1761 dominica
837 1701 885 1760 die
897 1701 982 1773 dixit,
998 1709 1007 1735 ‘
1021 1701 1129 1761 Deduc

175 1805 222 1844 me
237 1786 326 1845 hodie
343 1795 412 1866 post
430 1785 610 1845 celebratam
625 1786 758 1858 missam,
779 1787 804 1846 si
821 1787 921 1867 aliquo
936 1787 1025 1846 modo
1043 1797 1129 1867 potu-

176 1872 245 1941 eris,
267 1872 306 1931 ad
330 1871 439 1942 locum,
463 1871 514 1929 ubi
538 1891 645 1951 corpus
673 1871 852 1932 confessoris
876 1872 935 1933 Dei
961 1874 1129 1951 requiescit.

176 1956 276 2016 Credo
293 1958 368 2016 eninr
386 1977 507 2037 sperans
524 1958 552 2015 in
573 1957 672 2016 Deum
691 1979 766 2037 pura
783 1957 854 2030 fide,
872 1969 968 2018 mente
986 1957 1079 2030 fideli,
1100 1968 1131 2018 ut

1154 775 1218 816 lleala
1228 788 1302 818 ames·

1152 839 1285 918 brittam

176 2051 228 2102 aut
245 2063 297 2123 pro
317 2043 426 2102 honore
446 2043 522 2102 servi
542 2043 598 2112 sui,
618 2043 656 2102 de
677 2043 888 2124 incorruptibili
908 2054 938 2104 et
957 2045 1043 2124 pleno
1064 2065 1130 2104 cor·
1227 2092 1229 2096 Α

131 2146 163 2190 20
173 2149 257 2208 pore,
271 2130 408 2187 membris
423 2130 495 2188 meis
506 2128 646 2206 languore
657 2131 907 2190 marcescentibus
921 2130 1130 2210 plenitudinem

176 2215 310 2279 sanitatis
329 2223 456 2292 augeat3
479 2223 530 2274 aut
552 2215 679 2274 coelestis
702 2216 812 2292 gloriae,
837 2235 926 2294 quarn
947 2216 1045 2274 anima
1065 2220 1130 2295 ejus

175 2301 317 2379 possidet,
333 2302 413 2369 mihi,
430 2299 469 2359 de
487 2300 612 2360 vinculis
630 2301 754 2360 liberato
772 2302 926 2378 angustiae,
945 2311 1058 2379 partem
1076 2303 1130 2361 ali-

175 2386 406 2465 quamtribuat.'
446 2386 529 2452 Quid
543 2386 637 2464 magis
652 2406 748 2445 moror
762 2387 883 2447 verbis?
926 2386 1130 2446 Difficultera

177 2473 310 2532 ministro
323 2471 470 2531 deductus
484 2480 670 2550 prosternens
685 2493 717 2531 se
732 2471 891 2542 infaciem,
906 2479 973 2531 ante
991 2473 1129 2552 reliquias

132 2576 164 2620 25
176 2559 281 2628 oravit,
294 2560 477 2637 jamjamque
493 2557 575 2617 facta
594 2558 725 2617 oratione
747 2559 855 2636 gratias
877 2577 968 2635 agens
988 2557 1128 2629 Domino,

176 2651 296 2703 sanatus
318 2645 454 2713 surrexit,
468 2643 721 2723 deambulansque
739 2644 795 2703 sibi
813 2645 875 2702 sine
897 2643 988 2702 ductu
1010 2644 1129 2703 alterius

176 2729 215 2788 ad
229 2729 422 2788 diversorium
435 2727 530 2798 rediit,
542 2737 573 2787 et
582 2738 651 2810 post
665 2749 777 2809 paucos
791 2730 856 2788 dies
867 2730 895 2788 in
907 2730 1059 2789 voluntate
1071 2729 1130 2789 Dei

176 2835 283 2894 sospes
296 2813 548 2894 proficiscebatur.

218 2906 231 2973 ξ
245 2906 295 2958 46.
318 2899 496 2959 Miraculum
506 2900 585 2959 aliud
597 2899 691 2958 simile
701 2900 770 2959 huic
781 2900 898 2960 silentio
908 2920 965 2959 non
977 2907 1129 2980 praetereo,

132 3002 164 3046 ³0
175 2984 257 3063 quod
270 2986 298 3043 in
313 2987 449 3064 praesenti
463 3006 540 3045 anno
552 2986 664 3044 factum
679 2994 735 3045 est.
780 2985 849 3045 Fuit
863 3005 989 3066 namque
1008 2985 1129 3064 quidam

175 3070 352 3131 adolescens
380 3072 561 3151 paralyticus
585 3071 623 3130 de
650 3071 709 3130 alio
736 3071 913 3131 monasterio
940 3074 969 3130 in
1000 3072 1130 3148 plaustro

175 3155 323 3215 deductus
343 3155 383 3216 ad
401 3157 533 3217 medicos
554 3156 677 3216 edoctos
696 3158 821 3216 coenobii
839 3158 940 3216 nostri.
985 3156 1035 3214 Illi
1053 3158 1129 3216 enim

175 3243 254 3301 omni
276 3262 347 3301 cura
369 3262 447 3312 eum,
471 3243 522 3321 qui
542 3263 617 3321 pene
634 3243 748 3301 cunctis
773 3243 910 3302 membris
934 3242 1128 3314 mortificatis

173 3326 336 3387 dissolutus
345 3329 479 3407 jacebat,
495 3327 606 3387 mederi
624 3334 783 3407 coeperunt,
798 3329 927 3406 nihilque
943 3327 1129 3407 proficientes

132 3430 163 3474 an
175 3422 245 3492 post
279 3413 399 3491 longum
426 3413 567 3482 laborem,
596 3415 715 3472 omnino
742 3413 909 3484 deseruere,
937 3413 1128 3495 desperantes

175 3519 277 3558 curare
292 3520 369 3558 eum.
411 3499 493 3558 Puer
508 3500 606 3578 itaque
621 3498 770 3557 desertum
786 3520 818 3558 se
833 3521 851 3558 a
865 3498 988 3559 medicis
1005 3500 1131 3559 carnali-

174 3586 231 3644 bus
256 3592 288 3642 ut
310 3583 395 3654 vidit,
424 3584 543 3663 plorans
571 3591 601 3642 et
627 3585 784 3644 lacrimans
808 3585 937 3643 ministro
961 3606 1016 3645 suo
1043 3585 1129 3656 dixit,

176 3679 184 3704 ‘
196 3669 331 3729 Primum
342 3671 443 3749 utique
453 3670 522 3728 mibi
531 3671 588 3728 hoc
600 3670 710 3729 malum
718 3669 920 3730 dissolutionis
932 3677 962 3728 et
971 3669 1130 3730 mortifica·

173 3756 262 3815 tionis
270 3756 412 3815 inchoans
422 3776 441 3814 a
450 3754 586 3836 pedibus,
596 3775 648 3834 per
658 3756 756 3815 omnia
767 3756 899 3814 membra
909 3755 1127 3824 disseminavit3

129 3859 161 3903 ra
172 3841 241 3901 ideo
261 3861 387 3920 namque
409 3839 542 3921 deposce
564 3842 603 3900 ab
624 3842 734 3901 abbate
753 3842 963 3910 calceamenta,
983 3861 1050 3920 quae
1072 3842 1129 3900 cir·

480 4100 490 4131 ⁷
512 4103 589 4166 Vola]
611 4105 706 4156 Johan.
719 4106 774 4154 xxi.
787 4110 828 4155 21.

1153 2917 1246 2959 Another
1252 2931 1308 2960 cure.

1261 3107 1281 3138 ἢ
