2850 4890
408 390 589 440 AUCTORE
607 391 697 439 VEN.
715 390 828 438 ouon.

462 681 622 751 CAPUT
645 681 774 748 XXV.

143 850 237 924 Quod
253 853 367 919 electus
384 853 430 918 od
447 855 656 940 episcopatum
675 875 794 919 savum
809 854 930 918 comitis
947 852 1095 940 lanqueu-

151 946 154 951 ’
360 967 419 1020 tem
433 977 517 1042 aqua
532 955 693 1021 bouedioto
708 956 876 1020 curaverit.

141 1159 228 1242 §da
252 1159 340 1224 Cum
362 1178 440 1241 ergo
462 1159 592 1223 electus
617 1158 661 1222 ad
686 1158 926 1241 episcopatum
949 1158 1002 1224 vir
1025 1157 1098 1222 Do·
1115 1171 1256 1222 auom.

110 1281 126 1324 s
138 1262 221 1324 mini
235 1260 447 1326 cudberctus
460 1280 558 1324 suam
570 1266 756 1324 remeasset
768 1260 811 1323 ad
823 1260 981 1336 insulam,
993 1268 1097 1343 atque
1113 1238 1206 1340 iiiiii
1216 1289 1243 1338 oy

141 1362 391 1445 aliquantulum
426 1361 589 1444 temporis
624 1368 777 1424 secretus
814 1360 962 1425 Domino
993 1362 1098 1426 solitu
1112 1341 1165 1380 '¹¹⁰¹‘

140 1463 322 1528 devotione
336 1463 510 1540 militaret,
522 1463 680 1528 evocavit
694 1482 772 1526 eum
785 1463 991 1528 venerabilis
1007 1464 1097 1546 epis·

138 1583 266 1647 scopus
301 1564 376 1649 ejus
410 1564 512 1642 Eata,
542 1570 646 1647 atque
681 1564 725 1627 ad
756 1584 856 1628 suum
889 1564 1097 1647 colloquium

142 1665 286 1730 Mailros
305 1666 421 1731 venire
442 1666 616 1750 praecepit.
661 1663 741 1743 Quo
759 1665 897 1748 expleto
914 1665 1097 1748 colloquio,

98 1785 130 1830 1o
141 1767 223 1831 dum
243 1767 382 1830 domum
405 1767 515 1831 redire
535 1767 711 1849 coepisset,
736 1766 883 1831 occurrit
910 1767 961 1830 illi
982 1786 1097 1831 comes

143 1868 282 1951 quidam
305 1867 456 1950 Eogsridi
480 1868 581 1950 regis,
604 1868 805 1950 rogavitque
832 1867 969 1942 obnixe,
989 1875 1030 1932 ut
1052 1867 1098 1933 ad

142 1971 413 2035 benedictionem
432 1970 581 2035 dandam
600 1969 637 2034 in
653 1969 808 2037 villulam
827 1989 926 2034 suam
945 1968 1099 2033 domum-

140 2093 208 2156 que
222 2072 414 2139 diverteret.
460 2071 540 2151 Quo
559 2091 637 2136 oum
656 2071 878 2156 pervenisset,
893 2077 928 2134 et
945 2071 1098 2154 gratifico

100 2194 131 2239 15
144 2175 292 2240 omnium
313 2183 495 2259 susceptus
515 2180 609 2239 esset
623 2174 745 2252 officio,
758 2173 924 2239 indicavit
938 2173 970 2237 ei
987 2174 1039 2239 vir
1056 2174 1099 2238 de

144 2276 340 2341 infirmitate
365 2276 486 2340 famuli
511 2277 577 2354 sui,
604 2275 727 2354 ‘Deo,’
750 2275 920 2358 inquienS,
944 2275 1099 2358 ‘gratias

146 2398 222 2461 ago,
245 2379 460 2444 sanctissime
482 2386 591 2462 pater,
611 2378 704 2462 quod
718 2396 783 2442 nos
802 2378 916 2442 videre
932 2385 1101 2442 nostram·

145 2501 214 2564 que
233 2481 370 2546 domum
391 2481 518 2546 intrare
538 2480 700 2562 dignatus
715 2499 764 2557 es,
777 2485 813 2543 et
831 2500 911 2544 vere
931 2480 1101 2545 credimus

145 2584 229 2666 quia
247 2585 434 2648 maximum
449 2584 548 2647 uobis
563 2583 696 2647 luorum
711 2588 746 2646 et
759 2582 884 2646 mentis
899 2588 934 2645 et
949 2582 1101 2664 corporis

101 2704 134 2749 ro
147 2692 226 2750 tuus
241 2694 383 2767 praestet
398 2686 580 2752 adventus.
624 2685 689 2749 Est
704 2691 819 2748 autem
837 2684 937 2747 nobis
952 2683 1101 2748 famulus

146 2786 299 2868 pessima
313 2786 443 2850 diutius
463 2787 659 2850 infirmitate
674 2786 856 2862 cruciatus,
872 2791 906 2848 et
920 2784 957 2847 in
967 2793 1102 2849 tantum

145 2887 274 2951 doloris
285 2886 387 2951 hodie
402 2887 597 2968 perductus,
612 2896 652 2951 ut
669 2886 826 2950 morienti
840 2885 986 2950 similior
998 2906 1102 2969 quam

145 2988 321 3070 languenti
336 2995 466 3070 pareat.
500 2988 667 3052 Extrema
680 3007 828 3070 namque
843 2989 994 3071 corporis
1006 2996 1104 3071 parte

147 3096 365 3172 praemortua,
394 3089 625 3170 permodicum
660 3108 717 3154 ore
750 3096 785 3153 et
813 3090 954 3153 naribus
982 3089 1104 3154 flatum

102 3210 135 3255 25
148 3191 282 3255 trahere
295 3191 451 3256 videtur.’
495 3189 566 3269 Qui
581 3190 762 3256 confestim
776 3190 953 3255 benedixit
967 3210 1104 3274 aquam,

147 3298 182 3356 et
201 3293 295 3356 dedit
312 3293 467 3357 ministro
491 3294 625 3356 comitis
651 3291 786 3355 nomine
810 3290 1024 3369 Baldhelmo,
1043 3294 1103 3375 qui

146 3413 237 3458 nunc
252 3413 362 3477 usque
377 3401 544 3477 superest,
558 3403 593 3458 et
611 3393 648 3456 in
669 3393 815 3457 ecclesia
830 3392 1104 3458 Lindissamensi

147 3496 349 3579 presbyterii
369 3497 511 3578 gradum
532 3496 643 3560 officio
663 3502 783 3559 tenens
803 3495 954 3558 moribus
974 3495 1104 3577 implet,

146 3598 358 3680 virtutesque
368 3599 432 3663 viri
445 3597 512 3662 Dei
527 3598 661 3662 cunctis
674 3597 761 3662 scire
773 3597 967 3662 volentibus
980 3595 1103 3660 referre

104 3718 136 3763 so
149 3700 248 3764 melle
269 3700 404 3764 dulcius
423 3700 538 3779 habet,
554 3701 613 3783 qui
634 3707 669 3764 et
689 3699 771 3763 mihi
788 3700 854 3763 hoo
873 3701 997 3781 ipsum,
1012 3699 1104 3781 quod

146 3799 268 3878 refero,
277 3801 478 3865 miraculum
490 3801 653 3866 narravit.
685 3801 777 3864 Huic
788 3820 867 3884 ergo
879 3801 965 3865 dans
977 3819 1104 3882 aquam

192 4034 313 4088 ¹Curvv
322 4033 423 4108 XXV]
456 4039 510 4088 viu
525 4035 608 4089 Anon.
644 4039 701 4088 Life
730 4040 802 4102 gives
829 4039 872 4089 the
900 4054 975 4088 neme
997 4039 1026 4088 of
1053 4040 1105 4089 thie

148 4108 215 4171 §stt
645 4111 746 4174 Comes,
756 4111 841 4160 which
851 4125 905 4160 was
917 4111 1004 4160 Sibba.

183 4176 204 4208 ¹⁰
221 4172 325 4248 Cornea]
367 4178 423 4228 The
443 4179 609 4242 Anonymous
