2850 4890
462 358 643 406 sucnoan
660 359 748 407 vsu.
765 359 877 406 anon.
1100 341 1144 405 89

486 680 490 688 ·
526 650 687 716 CAPUT
710 653 803 718 XX.

213 818 371 888 Quomodo
385 821 470 884 ooroi
484 820 645 908 iujuriam,
660 843 752 908 want
766 824 834 887 oiro
849 822 918 886 Dei
932 825 1115 905 intulerunt,

404 921 552 1006 precibus
565 933 596 984 et
610 943 732 987 munere
740 926 924 1009 purpuriot.

190 1125 277 1208 §34
301 1125 422 1189 Lroua
452 1126 556 1190 etiam
581 1126 754 1208 quoddam
781 1128 874 1191 beati
903 1127 1086 1194 Cudbercti
1109 1130 1144 1192 in
1163 1139 1310 1188 aucto.

161 1245 176 1288 o
189 1227 386 1310 exemplum
400 1227 536 1311 praefati
550 1229 659 1309 patris
671 1227 851 1292 Benedicti
865 1227 995 1294 factum
1008 1249 1146 1294 narrare
1162 1206 1282 1297 illidii

192 1327 405 1406 miraculum,
419 1329 456 1392 in
473 1348 542 1410 quo
560 1329 675 1394 avium
696 1329 891 1394 obedientia
906 1337 941 1395 et
955 1330 1146 1396 humilitate

191 1429 309 1509 palam
330 1430 548 1493 contumacia
571 1435 606 1492 et
633 1430 794 1514 superbia
817 1430 1062 1496 condemnatur
1084 1430 1146 1495 hu·

145 1605 152 1618 ·
191 1547 305 1592 mana.
349 1529 456 1594 Erant
477 1530 645 1613 siquidem
671 1532 764 1597 corvi
791 1533 899 1597 multo
926 1553 970 1596 ex
995 1540 1146 1617 tempore

193 1629 346 1713 ejusdem
372 1632 494 1696 insulae
524 1633 665 1697 sedibus
691 1635 839 1715 assueti3
868 1654 955 1717 quos
984 1654 1062 1698 cum
1090 1636 1145 1699 die

148 1748 181 1793 1o
193 1731 342 1813 quadam
357 1733 410 1798 vir
424 1732 492 1798 Dei
505 1734 732 1813 nidificantes,
743 1735 965 1817 hospitiolum
979 1736 1147 1815 Fratrum,

194 1831 238 1894 de
257 1852 326 1915 quo
345 1833 509 1917 praefatus
530 1855 617 1913 sum,
632 1843 742 1900 rostro
762 1837 923 1915 lacerare,
943 1836 1146 1920 ablatosque

194 1933 336 2012 culmos,
349 1935 472 2017 quibus
487 1941 616 2000 tectum
627 1935 749 2013 fuerat,
764 1937 809 2000 ad
823 1935 986 2001 fabricam
1000 1937 1071 2002 nidi
1087 1958 1145 2001 ore

194 2032 293 2112 ferre,
316 2036 539 2118 conspiceret,
568 2037 718 2101 coercuit
747 2056 806 2100 eos
832 2037 900 2102 levi
926 2038 1146 2121 protensione

193 2135 357 2213 dexterae,
387 2143 491 2220 atque
519 2157 541 2201 a
568 2137 695 2201 laesura
724 2137 882 2201 Fratrum
908 2138 982 2220 jam
1011 2157 1147 2202 cessare

152 2255 182 2300 15
195 2237 370 2321 praecepit.
426 2238 740 2322 Spernentibusque
768 2239 955 2320 imperium,
984 2238 1057 2302 ‘Iu
1086 2259 1148 2302 no-

195 2336 307 2416 mine,’
335 2339 457 2422 inquit,
486 2339 596 2403 ‘Jesu
631 2340 769 2416 Christi,
803 2341 896 2405 abite
932 2341 1147 2422 quantocius,

196 2459 310 2523 neque
328 2441 363 2503 in
382 2440 470 2518 loco,
485 2460 585 2523 quem
600 2440 738 2519 laeditis,
753 2441 842 2504 ultra
862 2460 998 2505 manere
1018 2461 1148 2524 praesu-

196 2540 321 2605 matis'
378 2541 450 2606 Vix
483 2543 588 2608 verba
620 2543 861 2624 compleverat,
898 2548 933 2605 et
968 2542 1148 2606 confestim

195 2643 312 2706 tristes
328 2643 452 2707 abiere.
497 2642 644 2708 Peracto
662 2652 776 2707 autern
791 2643 914 2718 triduo,
929 2662 1017 2706 unus
1033 2664 1051 2707 e
1065 2644 1147 2706 duo-

152 2764 184 2808 ao
197 2745 262 2808 bus
276 2744 387 2821 rediit,
402 2754 438 2809 et
450 2744 636 2810 fodientem
650 2747 822 2827 reperiens
836 2744 1000 2807 famulum
1012 2743 1149 2821 Christi,

196 2843 328 2926 sparsis
338 2845 602 2909 lamentabiliter
615 2845 748 2929 pennis,
759 2854 795 2910 et
806 2845 977 2909 submisso
989 2844 1032 2907 ad
1043 2843 1149 2925 pedes

196 2944 271 3026 ejus
292 2946 417 3027 capite,
437 2952 541 3028 atque
561 2944 740 3009 humiliata
759 2965 855 3021 voce,
873 2944 996 3027 quihus
1012 2944 1150 3009 valebat

195 3044 333 3110 indiciis
355 3047 490 3111 veniam
507 3048 710 3130 precabatur
729 3047 891 3126 admissi;
913 3045 1005 3128 quod
1025 3045 1149 3108 intelli-

196 3166 280 3228 gens
295 3147 499 3211 venerabilis
519 3154 617 3227 pater
636 3147 731 3210 dedit
749 3146 949 3210 facultatem
968 3146 1149 3210 remeandi.

151 3267 182 3311 aa
195 3247 244 3311 At
262 3247 333 3323 ille,
348 3247 531 3329 impetrata
548 3247 710 3312 redeundi
729 3247 879 3324 licentia,
895 3265 978 3309 mox
997 3246 1149 3310 sodalem

196 3345 407 3428 adducturus
432 3347 527 3411 abiit.
570 3347 645 3410 Nec
670 3366 775 3422 mora,
803 3347 947 3411 redeunt
975 3349 1086 3424 ambo,
1115 3355 1150 3410 et

195 3467 311 3513 secum
341 3448 444 3529 digna
468 3467 611 3511 munera
640 3446 762 3523 ferunt,
791 3446 965 3510 dimidiam
989 3447 1151 3512 videlicet

196 3549 382 3630 axungiam
402 3549 598 3631 porcinam3
621 3567 725 3630 quam
740 3548 792 3612 vir
809 3546 946 3610 Domini
963 3549 1150 3612 adventan-

196 3650 288 3713 tibus
308 3656 430 3732 postea
446 3649 624 3712 Fratribus
645 3647 774 3730 saepius
795 3649 972 3712 ostendere
987 3656 1091 3730 atque
1108 3649 1151 3710 ad

240 3931 247 3960 ¹
265 3934 358 3981 Curua
374 3927 449 4000 XX.]
474 3933 529 3982 vit.
540 3932 625 3981 Anon.
642 3931 655 3996 ξ
726 3929 745 3958 ²⁸
761 3931 900 3992 Axuagiom
909 3925 1050 3997 porcium]
1071 3965 1077 3979 .
1097 3967 1102 3979 .
1123 3964 1151 3980 ..

196 4007 243 4061 27;
263 4004 317 4051 vit.
328 4003 392 4050 Met.
404 4004 468 4063 Cap.
481 4016 560 4051 xvrrr.
693 4002 921 4062 ‘quasidimidiam
929 4002 983 4049 suis
991 4001 1092 4061 adipem
1104 4034 1110 4048 .
1121 4000 1153 4048 ..'

232 4071 248 4099 ¹¹
267 4070 471 4132 Profuturum]
488 4073 536 4120 See
549 4071 562 4136 ξ
575 4075 615 4122 29.
694 4072 746 4120 Vit.
761 4070 844 4119 Anon.
857 4069 870 4134 ξ
882 4073 923 4118 at.
