2850 4890
212 368 278 432 240
587 379 799 428 sernumx.

212 531 367 600 advitam,
383 530 515 589 homines
534 528 641 589 divinae
657 528 924 609 praedestinationis¹
938 527 1033 608 gratia
1050 527 1170 609 praesci·

213 628 272 688 tos,
287 616 464 676 salutaribus
481 615 633 696 praeceptis
649 635 685 674 ac
703 615 819 674 monitis
833 614 1041 695 perduxerunt.
1086 615 1170 681 Quo·

214 723 276 761 rum
298 714 466 761 sanctorum
482 701 682 780 apostolorum
705 709 804 759 vestra
820 700 978 781 paternitas
999 700 1171 760 honoranda

215 807 342 866 sequens
358 789 470 856 merita,
486 797 517 845 et
530 785 687 866 perfectius
704 786 828 866 implens
849 787 998 867 exempla,
1013 786 1169 845 ecclesiam

215 872 274 933 Dei
295 889 407 931 morum
432 873 576 951 probitate
599 880 629 931 et
652 880 772 930 actuum
796 873 951 931 sanctitate
972 871 1168 939 condecorat;
1194 888 1207 930 5

214 970 244 1017 et
268 956 327 1016 fide
353 979 439 1017 sacra
463 957 698 1037 Christianisque
723 957 851 1016 moribus
878 958 990 1035 vigens,
1016 977 1084 1037 quae
1110 956 1170 1016 fieri

216 1043 284 1103 Deo
305 1043 415 1123 placita
440 1044 591 1123 praecepit,
609 1042 713 1101 studiis
736 1041 955 1122 pontificalibus
973 1041 1171 1101 indesinenter

213 1139 349 1209 operatur
369 1139 399 1188 et
418 1128 543 1208 perlicit,
562 1149 683 1188 servans
703 1127 810 1188 divinae
831 1128 904 1205 legis
925 1138 1086 1208 praecepta,
1101 1129 1169 1208 quia

212 1213 303 1273 ‘Non
317 1214 467 1274 auditores
482 1213 555 1292 legis
566 1215 643 1292 justi
658 1223 725 1272 suut
746 1212 825 1292 apud
843 1213 963 1284 Deum,'
978 1216 1057 1273 sicut
1074 1224 1170 1273 narrat

211 1301 377 1381 apostolus,
393 1308 399 1332 ‘
415 1299 467 1359 sed
482 1298 610 1358 lactares
625 1299 699 1377 legis
708 1299 970 1379 justificabuntur!
1181 1308 1208 1358 rt

256 1385 336 1445 Haec
357 1385 476 1465 quidem
492 1383 678 1454 meditantes,
690 1385 729 1443 ad
740 1405 794 1444 nos
807 1385 949 1464 perlatum
960 1394 1008 1444 est
1017 1405 1037 1443 a
1047 1385 1169 1464 quibua

211 1470 279 1530 dam
300 1469 401 1530 Roma
421 1470 612 1539 venientibus,
629 1492 683 1530 vos
699 1469 870 1548 Augustino
885 1470 1039 1529 consodali
1058 1478 1170 1540 nostro,

211 1577 263 1635 per
274 1556 469 1616 venerabilem
485 1555 671 1615 sanctitatem
683 1564 810 1614 vestram
822 1554 1011 1635 postmodum
1025 1556 1169 1636 episcopo

211 1641 377 1720 Anglorum
400 1643 479 1719 genti
505 1640 638 1702 ordinato
661 1649 690 1699 et
712 1641 782 1700 illuc
802 1641 926 1711 directo,
948 1650 1039 1721 atque
1058 1642 1170 1720 Anglis

211 1728 377 1807 scripsisse,
391 1748 467 1808 quos
486 1727 556 1786 olim
574 1725 614 1786 ad
633 1725 723 1786 fidem
743 1747 901 1787 conversos
916 1747 967 1806 per
980 1748 1036 1788 vos
1054 1743 1208 1804 cogno-15

210 1814 317 1884 vimus,
333 1823 364 1873 ut
377 1822 481 1892 quarta
494 1814 632 1893 proganie
647 1813 796 1890 coujuncti
808 1832 863 1871 non
875 1821 1056 1892 separentur.
1091 1813 1169 1879 Quae

211 1898 396 1958 consuetudo
415 1897 526 1958 dudum
543 1900 571 1956 in
593 1899 650 1958 illis
673 1908 725 1957 aut
745 1898 773 1956 in
797 1897 861 1957 istis
882 1898 1030 1979 partibus,
1047 1899 1169 1977 quando

213 2004 270 2043 una
288 1985 441 2043 vobiscum
461 1984 499 2043 ab
515 1983 637 2043 infantia
652 1983 775 2043 nutritus
790 1994 879 2063 atque
894 1983 1018 2043 edoctus
1036 1983 1092 2054 fui,
1111 2004 1168 2043 non

211 2078 293 2138 erat;
316 2091 370 2129 nec
390 2070 417 2128 iu
438 2069 503 2129 ullis
523 2069 771 2149 praedecessorum
789 2077 950 2128 vestrorum
964 2068 1106 2140 decretis,
1122 2070 1168 2129 vel

211 2154 386 2234 reliquorum
415 2156 587 2234 generaliter
614 2155 662 2214 vel
690 2155 856 2236 specialiter
884 2163 996 2234 patrum
1027 2155 1168 2215 institutis
1178 2170 1208 2215 20

211 2240 281 2318 legi,
304 2241 352 2300 vel
377 2241 519 2300 hactenus
543 2242 581 2299 ab
603 2241 669 2300 ullis
694 2240 875 2320 sapientibus
900 2261 966 2299 esse
989 2260 1168 2300 concessum
1263 2254 1268 2261 “

211 2325 312 2385 didici.
357 2325 417 2385 Sed
443 2347 558 2406 semper
587 2347 681 2406 usque
706 2326 745 2385 ad
773 2327 929 2404 septimum
958 2326 1078 2404 originis
1107 2348 1168 2387 suae

211 2411 335 2489 gradum
357 2413 421 2471 haec
446 2432 465 2470 a
485 2411 595 2472 sanctis
618 2411 856 2472 antecessoribus
881 2412 987 2470 vestris
1010 2422 1041 2470 et
1061 2414 1167 2472 ceteris

211 2499 322 2556 sanctis
338 2497 479 2576 patribus,
494 2507 553 2557 tam
569 2498 596 2556 in
614 2497 744 2557 Nicaena
761 2497 887 2577 synodo,
902 2517 991 2577 quam
1008 2507 1039 2556 et
1056 2498 1085 2556 in
1102 2499 1167 2557 aliis

210 2584 319 2643 sanctis
335 2582 478 2642 Conciliis
492 2583 690 2660 congregatis,
710 2583 820 2642 servari
838 2582 946 2642 debere
966 2583 1078 2660 reperi;
1102 2594 1133 2643 et
1151 2600 1206 2644 aas

209 2679 289 2728 recte
312 2668 476 2728 viventibus
497 2688 534 2727 ac
553 2667 712 2727 Dominum
727 2669 897 2727 timentibus
911 2668 1090 2738 hominibus,
1106 2679 1167 2728 stu-

209 2754 292 2814 diose
308 2753 462 2833 praevideri
477 2754 614 2831 cognovi.
661 2753 740 2812 Dum
755 2753 821 2812 haec
837 2753 988 2813 nobiscum
1005 2755 1167 2814 versaban-

208 2846 264 2908 tur,
290 2859 484 2919 supervenere
509 2847 539 2897 et
564 2839 633 2908 alia,
658 2836 697 2897 de
722 2839 830 2918 quibus
858 2839 1057 2898 necessarium
1082 2842 1166 2901 nobis

207 2925 323 2984 videtur
337 2934 465 2985 vestram
479 2924 632 2983 consulere
646 2925 861 2983 auctoritatem.
892 2923 1047 2985 Venerunt
1058 2927 1167 3006 quippe

211 3010 250 3069 ad
268 3032 322 3070 nos
342 3018 402 3070 tam
426 3009 605 3068 Benedictus
623 3008 820 3090 Syracusanae
839 3009 974 3069 ecclesiae
995 3010 1167 3092 episcopus,
1178 3028 1207 3073 to

208 3117 296 3174 quam
318 3104 347 3154 et
366 3096 415 3154 alii
436 3095 540 3154 fratres
559 3096 650 3154 nostri
665 3095 801 3173 equidem
820 3095 963 3175 episcopi,
978 3095 1167 3158 lacrimantes

207 3201 244 3240 ac
259 3181 392 3240 dicentes
407 3202 459 3261 per
473 3181 623 3241 seculares
643 3193 673 3240 et
691 3181 785 3240 laicos
805 3180 889 3239 nimis
904 3202 937 3239 se
951 3201 1018 3239 esse
1032 3183 1167 3243 turbatos

206 3274 296 3344 atque
320 3268 418 3324 animo
437 3265 563 3325 afflictos
583 3287 672 3346 super
692 3266 890 3325 immoderatis
911 3267 1029 3326 actibus
1048 3289 1164 3337 eorum,

205 3371 259 3430 pro
287 3353 394 3430 quibus
420 3362 451 3410 et
474 3351 575 3430 aliqua
597 3353 706 3430 injusta
730 3352 773 3410 eis
799 3352 1044 3430 impingebantur.
1090 3353 1168 3414 Sunt

206 3436 293 3494 etiam
308 3435 444 3515 quaedam
460 3437 594 3496 ecclesiae
609 3438 636 3495 in
652 3448 752 3497 nostra
767 3438 928 3517 provincia,
940 3456 1028 3516 super
1039 3459 1162 3518 quarum
1178 3455 1206 3499 st

205 3522 477 3581 consecrationibus
499 3521 658 3592 dubitatur,
680 3531 789 3594 ettam
810 3529 927 3602 propter
948 3522 1165 3600 antiquitatem,

206 3628 294 3686 quam
308 3616 339 3666 et
352 3617 470 3687 propter
480 3628 579 3666 earum
594 3607 751 3667 custodum
764 3609 915 3678 incuriam,
927 3607 1057 3667 nescitur
1070 3620 1166 3670 utrum

209 3692 356 3752 dedicatae
370 3693 408 3751 ab
422 3693 571 3773 episcopis
585 3694 701 3763 luerint,
716 3714 818 3753 necne.

248 3777 344 3858 Super
357 3779 463 3856 quibus
478 3780 613 3837 omnibus
628 3800 681 3838 nos
697 3799 715 3837 a
728 3787 827 3840 vestra
838 3780 994 3838 sanctitate
1005 3799 1042 3838 ac
1057 3792 1165 3841 vestrae

204 3873 316 3923 sanctae
339 3863 419 3922 sedis
442 3865 614 3923 auctoritate
638 3865 739 3922 instrui
765 3885 935 3943 precamur;
957 3874 987 3923 et
1012 3874 1108 3924 utrunr
1129 3884 1206 3928 earu

202 3969 279 4026 quae,
308 3950 386 4008 sicut
413 3948 613 4028 praediximus,
644 3971 697 4007 vos
726 3949 848 4029 praelato
877 3949 1032 4009 consodali
1062 3963 1163 4012 nostro

204 4032 375 4110 Augustino
389 4036 530 4114 episcopo
548 4044 578 4093 et
596 4034 760 4112 Anglorum
776 4036 854 4112 genti
873 4035 1028 4114 scripsisse
1044 4036 1162 4096 audivi-

200 4120 307 4188 vimus,
333 4119 499 4198 specialiter
525 4121 579 4191 eis,
605 4129 655 4178 aut
680 4121 851 4200 generaliter
876 4122 1023 4192 omnibus,
1047 4124 1162 4203 scripta
