2850 4890
246 330 311 396 122
532 346 623 393 vrri
641 345 670 395 s.
688 346 920 409 cuouuucrr,

77 527 223 582 ancer.
248 509 383 576 videtur
402 508 486 572 mihi
505 509 683 592 optimum,
698 517 737 574 ut
755 509 791 573 in
811 508 1028 574 interioribus
1050 507 1205 573 basilicae

87 1997 140 2035 stod.

248 617 373 676 vestrae
388 609 472 674 illud
489 610 676 689 tumuletis,
691 616 863 692 quatenus
878 617 913 674 et
928 609 1091 693 ipsicum
1101 607 1206 672 vultis

248 731 361 776 meum
376 710 593 794 sepulchrum
608 711 750 778 visitare
764 711 918 794 possitis,
932 716 968 775 ct
981 711 1018 774 in
1032 715 1206 793 potestate

250 820 367 877 vestra
381 813 427 877 sit
442 830 488 876 an
503 812 611 894 aliqui
625 812 685 877 illo
696 811 739 876 dc
754 811 1017 876 advenientibus
1028 809 1207 890 accedant.

252 913 394 978 Gratias
409 914 539 995 egimus
554 912 772 995 permissioni
787 920 823 977 et
836 911 981 977 consilio
991 911 1097 989 illius,
1106 909 1206 974 flexis
1233 926 1246 968 ⁵

252 1014 289 1077 in
305 1021 396 1079 terra
411 1014 566 1097 genibus,
581 1032 622 1078 ac
637 1014 775 1077 domum
793 1013 976 1078 redeuntes
995 1009 1208 1097 frequentius

254 1117 349 1181 illum
363 1116 489 1182 exinde
503 1116 642 1182 visitare
655 1136 724 1180 non
738 1116 943 1181 destitimus

526 1449 687 1516 CAPUT
708 1448 940 1515 XXXVIII.

293 1620 452 1692 Quomodo
466 1623 641 1686 ministrum
655 1642 742 1685 suum
755 1642 776 1683 a
784 1619 945 1706 prepiovio
958 1619 1077 1684 ventris
1090 1641 1185 1682 sano-

611 1726 851 1809 vcrltoeqrotus.
1225 1737 1253 1783 ιο

89 1944 154 1985 caru
167 1943 246 1986 uuaru-
259 1927 278 2011 ς
290 1927 343 1991 64.
366 1925 565 2005 ‘Congum
578 1927 789 1991 increscente
799 1925 973 2007 languore,
987 1923 1121 1988 videret
1130 1930 1215 1988 tem-

257 2047 324 2112 pus
338 2047 411 2092 suae
425 2029 644 2093 resolutionis
665 2029 805 2105 instare,
820 2027 984 2109 praecepit
1003 2045 1041 2090 se
1061 2026 1098 2089 in
1117 2045 1217 2089 suam

258 2129 532 2194 mansiunculam
541 2137 646 2213 atque
657 2128 852 2192 Oratorium
862 2127 993 2207 referri3
1016 2133 1088 2191 erat
1101 2134 1217 2191 autem

259 2232 343 2297 hora
356 2231 424 2295 diei
439 2231 550 2295 tertia.
595 2230 814 2296 Portavimus
830 2248 908 2310 ergo
923 2229 1030 2306 illum,
1043 2226 1128 2310 quia
1144 2246 1217 2310 prae

259 2333 420 2398 molestia
436 2333 609 2415 languoris
630 2333 706 2416 ipse
729 2351 799 2395 non
817 2331 958 2396 valebat
982 2329 1123 2412 ingredi.
1168 2329 1258 2393 Atm

260 2434 320 2498 ubi
345 2434 389 2498 ad
415 2441 548 2516 portam
571 2433 800 2517 pervenimus,
819 2432 1034 2514 rogabamus
1054 2437 1094 2495 ut
1112 2429 1219 2495 alicui

261 2541 416 2600 nostrum
425 2535 545 2599 liceret
559 2535 602 2599 ad
614 2534 876 2599 ministrandum
887 2533 918 2597 ei
931 2533 1058 2615 pariter
1068 2531 1198 2597 intrare
1209 2552 1218 2612 ;

261 2656 331 2700 non
345 2637 434 2700 enim
445 2657 507 2720 per
518 2656 626 2701 annos
639 2637 804 2720 plurimos
818 2634 990 2718 quispiam
1001 2634 1084 2697 illuc
1096 2640 1220 2716 praeter

261 2737 375 2821 ipsum
409 2738 609 2803 intraverat.
656 2736 726 2816 Qui
760 2735 1016 2817 circumspectis
1050 2735 1221 2814 omnibus,

261 2839 351 2904 vidit
371 2839 537 2917 Fratrem,
556 2836 656 2923 cujus
676 2855 782 2919 supra
801 2836 950 2914 memini,
969 2836 1099 2901 ventris
1122 2835 1262 2908 fiuxuao

262 2940 491 3021 languentem,
509 2948 545 3005 et
563 2941 623 3020 ait,
638 2937 833 3004 Uualhstod
851 2935 1060 3020 ingrediatur
1077 2955 1222 3015 mecum,

264 3042 371 3106 —hoc
382 3042 472 3106 enim
481 3049 555 3104 erat
568 3061 691 3105 nomen
704 3038 826 3103 Fratri.
861 3037 931 3117 Qui
945 3056 1022 3101 cum
1036 3036 1081 3101 ad
1096 3057 1225 3103 nonam

265 3163 374 3226 usque
387 3143 505 3207 horam
524 3143 618 3206 intus
634 3161 711 3206 cum
726 3141 787 3205 illo
801 3146 966 3216 maneret,
980 3139 1031 3203 sic
1045 3138 1223 3222 egrediens

198 3238 202 3246 ’
265 3243 403 3307 vocavit
422 3262 488 3320 me,
508 3241 713 3325 Episcopus,
727 3241 899 3326 inquiens,
916 3248 950 3305 te
965 3240 1075 3324 jussit
1093 3241 1223 3306 intrare

266 3342 311 3406 ad
339 3362 386 3406 se.
440 3342 587 3407 Possum
615 3349 729 3408 autem
757 3342 820 3406 tibi
849 3362 920 3406 rem
947 3341 1068 3406 referre
1098 3361 1267 3407 novamne

266 3444 528 3527 permirabilem,
551 3445 633 3528 quia
653 3466 698 3509 ex
718 3463 787 3528 quo
807 3444 999 3527 ingrediens
1023 3445 1106 3508 illuc
1126 3444 1225 3527 tetigi

268 3544 469 3629 episcopum
488 3547 696 3611 deducturus
719 3567 797 3611 eum
821 3547 866 3611 ad
890 3546 1096 3625 Oratorium,
1115 3546 1224 3610 conti-

264 3667 333 3711 nuo
348 3648 440 3712 sensi
454 3667 508 3711 me
523 3648 615 3711 omni
635 3648 697 3712 illa
715 3648 826 3730 longae
841 3647 1048 3711 infirmitatis
1064 3647 1226 3712 molestia

265 3767 391 3813 carere.
437 3747 518 3812 Non
535 3757 650 3812 autem
664 3749 889 3814 dubitandum
907 3768 1064 3831 supernae
1080 3748 1223 3831 pietatis

309 3968 428 4048 ⁸'esau
453 3993 627 4066 xxxvnu]
670 3999 724 4047 vu.
796 3992 932 4065 wespa]
952 3997 1225 4062 Namely,inthepre-

265 4069 330 4119 Met.
344 4070 408 4131 Cap.
421 4082 506 4118 xxxv.
761 4068 853 4131 cediug
866 4069 980 4134 chapter,
993 4068 1006 4135 ξ
1018 4073 1059 4119 59.
