2850 4890
201 350 266 416 244
578 358 787 411 urrannrx.

204 514 304 574 locum
318 510 456 581 inveniat,
467 509 547 569 unde
558 510 640 590 pacis
656 510 765 569 debent
775 511 854 568 bona
864 506 1048 589 procedere?
1070 500 1157 575 Quod

206 600 263 658 bac
278 599 389 657 ratione
403 596 577 664 servabitur,
593 596 618 654 si
637 595 708 654 nihil
724 594 877 674 potestati,
891 593 945 652 sed
961 603 1058 654 totum
1072 595 1157 674 aequi·

205 684 260 743 tati
280 683 425 741 tribuitur.
469 681 658 759 Quapropter
678 681 803 739 multum
823 699 875 738 cor
895 688 1029 738 nostrum
1050 680 1157 757 magni-

205 767 300 826 tudini
317 777 425 825 vestrae
441 764 619 842 congaudet,
638 763 720 843 quod
736 766 780 823 sic
795 784 851 824 vos
869 764 899 823 in
917 765 1027 824 vestris
1047 765 1157 823 actibus

207 851 357 912 studiosos
379 852 554 918 invenimus,
568 857 601 908 ut
618 870 673 910 vos
693 859 724 909 et
743 851 834 909 nostri
851 867 952 908 curam
970 850 1119 919 habeatis,
1132 857 1159 908 et
1180 863 1192 905 a

205 938 277 996 talia
291 934 472 996 sciscitando
486 935 631 1013 inquirere
646 933 806 1001 studeatis;
830 943 977 1012 quatenus
992 933 1066 993 talia
1077 934 1158 994 vobis

206 1042 264 1081 non
279 1022 376 1079 solum
389 1019 469 1100 apud
482 1021 616 1078 homines
631 1019 763 1097 gloriam,
774 1019 829 1079 sed
842 1029 873 1078 et
885 1018 966 1099 apud
980 1020 1158 1098 omnipoten-

205 1117 265 1166 tem
282 1105 440 1164 Dominum
455 1103 576 1183 praemia
589 1104 732 1163 mercedis
746 1105 908 1183 acquirant.

251 1191 391 1250 Ceterum
416 1210 502 1269 super
531 1190 685 1248 vexatione
714 1189 931 1268 episcoporum,
959 1188 1000 1247 de
1024 1209 1087 1268 qua
1109 1206 1159 1248 nos

209 1276 363 1335 consulere
386 1274 538 1341 voluistis;
561 1275 672 1334 scimus
690 1275 761 1354 quia
779 1295 797 1333 a
814 1273 901 1332 nullis
921 1273 985 1332 vita
1005 1275 1160 1353 praesulum
1168 1287 1194 1332 lt

208 1360 370 1442 perturbari
387 1358 478 1417 debet
494 1360 679 1430 excessibus,
694 1359 764 1438 quia
779 1358 868 1417 valde
884 1357 1037 1434 indignum
1056 1368 1114 1430 est,
1132 1369 1162 1418 ut

208 1447 248 1515 hi,
264 1446 315 1524 qui
329 1445 424 1504 throni
440 1444 498 1503 Dei
512 1453 667 1514 vocantur,
682 1444 782 1522 aliqua
799 1445 928 1502 motione
947 1463 967 1502 a
982 1444 1103 1520 regibus
1118 1445 1161 1503 vel

208 1530 334 1589 subditis
349 1530 509 1587 turbentur.
554 1529 703 1595 Quoniam
718 1531 742 1587 si
759 1526 860 1588 David
869 1547 971 1605 regum
980 1530 1162 1607 justissimus

207 1616 236 1674 in
252 1613 355 1684 Saaul,
369 1633 457 1693 quern
470 1615 627 1672 constabat
633 1616 700 1691 jam
713 1634 732 1672 a
743 1612 873 1673 Domino
883 1614 1075 1694 reprobatum
1087 1634 1162 1684 asse,

207 1719 327 1760 manum
350 1700 464 1757 mittere
483 1718 541 1756 non
559 1699 735 1777 praesumsit,
754 1708 865 1777 quanto
882 1699 977 1774 magis
996 1699 1161 1760 cavendum
1172 1712 1197 1758 rt

209 1793 266 1854 est,
281 1805 318 1843 ne
335 1804 453 1843 manum
471 1782 658 1843 detractionis
677 1791 728 1843 aut
742 1784 976 1863 vituperationis,
992 1784 1057 1843 sive
1073 1783 1162 1843 indis-

210 1869 347 1929 cretionis
368 1876 420 1928 aut
443 1867 694 1938 dehonorationis,
718 1868 837 1946 quidam
858 1869 975 1927 mittant
995 1869 1024 1926 in
1047 1878 1165 1929 unctum

212 1954 342 2024 Domini,
357 1953 405 2011 vel
420 1953 448 2011 in
458 1952 668 2032 praedicatores
680 1963 790 2012 sanctae
804 1953 961 2012 ecclesiae?
982 1954 1055 2032 quia
1065 1975 1164 2014 eorum

211 2040 331 2097 vexatio
350 2039 415 2097 sivo
436 2036 582 2097 detractio
603 2038 641 2097 ad
661 2038 810 2097 Christum
826 2039 979 2117 pertinent,
995 2041 1083 2116 cujus
1099 2042 1163 2100 vice

211 2123 240 2181 in
253 2123 382 2182 ecclesia
391 2123 538 2199 legatione
548 2122 715 2201 funguntur.
761 2123 851 2182 Unde
862 2143 1049 2203 summopere
1060 2145 1165 2184 caven·
1174 2138 1201 2184 aa

212 2207 282 2266 dum
301 2216 349 2266 est
367 2209 502 2266 omnibus
520 2206 670 2277 fidelibus,
685 2228 721 2266 ne
740 2208 876 2267 clanculo
892 2216 942 2268 aut
954 2208 1076 2287 publice
1090 2212 1165 2291 epis·

212 2311 319 2372 capum
337 2313 433 2362 suum,
452 2292 555 2359 idest,
575 2302 695 2352 unctum
714 2292 844 2361 Domini,
863 2293 1098 2354 detractionibus
1116 2302 1166 2355 aut

212 2379 475 2457 vituperationibus
497 2377 648 2447 dilanient,
668 2378 883 2457 perpendentes
904 2377 976 2436 illud
998 2381 1166 2460 exemplum

215 2463 332 2530 Mariae,
354 2463 424 2543 quia
452 2482 505 2541 pro
533 2483 569 2521 eo
596 2462 676 2542 quod
702 2462 805 2541 Moysi
827 2462 937 2522 famulo
960 2462 1020 2521 Dei
1047 2473 1167 2546 propter

214 2548 426 2627 AEthiopissam
456 2546 595 2615 detraxit,
620 2547 802 2607 immunditia
828 2548 918 2626 leprae
945 2546 1090 2609 mulctata
1120 2551 1203 2609 sitae

215 2631 256 2689 Et
269 2632 342 2691 illud
355 2631 540 2700 Psalmistae,
555 2631 682 2690 ‘Nolite
697 2640 817 2709 tangere
833 2632 968 2692 Christos
985 2653 1079 2703 meos,
1095 2636 1166 2693 etin

212 2716 362 2796 prophetis
391 2717 463 2775 meis
492 2717 582 2776 nolite
609 2717 780 2795 malignari)
837 2717 879 2775 Et
908 2719 937 2776 in
968 2717 1035 2795 lege
1066 2719 1167 2778 divina

214 2801 330 2878 legitur,
352 2800 444 2860 ‘Diis
467 2820 523 2860 non
547 2801 695 2871 detrahes,
723 2811 754 2861 et
777 2802 878 2881 populi
902 2803 944 2860 tui
966 2803 1090 2882 principi
1111 2825 1166 2863 non

214 2885 396 2945 maledices!
440 2885 530 2944 Unde
544 2885 632 2945 valde
646 2886 866 2965 praevidendum
886 2896 933 2945 est
950 2887 1088 2961 subditis,
1108 2897 1168 2948 tam

214 2971 329 3030 clericis
354 2989 443 3050 quam
466 2970 562 3039 laicis,
588 2990 625 3028 ne
646 2972 851 3050 episcoporum
875 2982 926 3030 aut
948 2974 1207 3052 praepositorumao

215 3074 334 3114 suorum
353 3056 443 3114 vitam
463 3064 572 3114 temere
591 3055 803 3134 reprehendere
821 3055 960 3125 audeant,
979 3058 1005 3115 si
1025 3058 1097 3135 quid
1119 3079 1170 3118 eos

215 3140 341 3199 fortasse
370 3160 457 3217 agere
485 3140 750 3219 reprehensibiliter
774 3139 894 3208 vident;
924 3160 961 3198 ne
984 3141 1063 3200 unde
1093 3144 1168 3203 mala

216 3222 406 3300 redarguunt,
432 3223 499 3283 inde
522 3244 573 3303 per
594 3224 728 3285 elationis
750 3225 908 3306 impulsum
930 3225 960 3283 in
980 3226 1170 3304 profundiora

217 3316 394 3386 mergantur.
439 3308 630 3369 Admonendi
647 3318 715 3369 sunt
730 3310 829 3379 etiam,
843 3330 880 3369 ne
894 3331 960 3370 cum
976 3310 1081 3391 culpas
1097 3333 1170 3393 prae-

217 3393 379 3471 positorum
408 3412 526 3451 suorum
557 3394 756 3466 considerant,
784 3403 887 3462 contra
915 3415 967 3455 eos
994 3395 1208 3458 audacioresas

218 3475 299 3536 fiant.
345 3477 407 3536 Sed
419 3479 462 3536 sic
477 3497 575 3536 eorum
589 3499 680 3558 prava
693 3479 774 3558 apud
785 3479 961 3559 semetipsos
972 3482 1170 3554 considerent,

219 3570 252 3620 ut
266 3561 367 3620 divino
381 3562 483 3620 timore
498 3564 658 3631 constricti,
669 3563 743 3623 ferre
757 3566 813 3623 sub
828 3566 870 3623 eis
878 3567 985 3642 jugum
999 3569 1172 3628 reverentiae

218 3667 275 3704 non
289 3656 443 3715 recusent;
467 3649 603 3726 quoniam
617 3649 697 3708 facta
712 3649 916 3729 episcoporum
932 3649 981 3707 vel
996 3654 1171 3731 praeposito-

217 3750 281 3789 rum
307 3732 366 3789 oris
391 3732 490 3808 gladio
516 3753 574 3792 non
603 3743 671 3792 suot
702 3734 843 3804 ferienda,
871 3735 959 3792 etiarn
991 3754 1059 3793 curn
1092 3746 1172 3797 recte

216 3816 459 3894 reprehendenda
486 3818 656 3886 videantur;
692 3820 830 3898 quoniam
858 3840 877 3878 a
903 3818 1172 3898 praedecessoribus
1182 3839 1211 3884 4ο

288 4074 308 4104 ²⁰
326 4074 432 4146 Nolite]
451 4081 495 4128 Ps.
506 4096 545 4130 cv.
560 4085 598 4130 15.
745 4081 764 4110 ²⁸
780 4083 859 4145 Diis]
880 4084 963 4134 Exod.
976 4086 1040 4135 xxii.
1054 4091 1095 4137 28.
