2850 4890
519 375 698 424 aucronn
716 375 804 423 vnrt.
822 377 934 424 anon.
1165 360 1210 423 75

249 535 415 598 confitens
440 554 478 599 se
498 535 713 600 intellexisse
733 534 816 616 quia
838 534 1009 599 Diabolus
1032 536 1076 598 ab
1102 534 1211 616 impe·
1232 547 1377 599 atroci.

250 636 376 701 dienda
395 637 508 701 salute
531 638 681 701 humana
701 657 744 700 ne
766 636 809 700 ad
829 636 948 700 horam
966 643 1117 701 vacaret.
1162 633 1212 700 At

249 737 324 820 ipse
354 738 559 802 confirmans
589 738 855 801 inconstantiam
880 737 1061 819 fragilium,
1083 756 1211 813 rursus,

249 858 326 922 quae
341 846 505 921 coeperat,
519 840 602 904 vitae
616 841 748 903 monita
762 838 972 921 exsequitur.

206 1094 222 1136 5
583 1069 745 1135 CAPUT
768 1069 875 1135 XIV.

253 1239 414 1309 Quomodo
425 1242 576 1327 flammas
595 1243 701 1304 domus
719 1240 879 1326 cujusdam
894 1262 965 1303 vero
979 1242 1052 1326 igno
1070 1243 1213 1305 ardentis

557 1344 699 1405 oratione
712 1343 905 1405 restinxerit.

251 1549 269 1630 §
283 1547 336 1610 21.
368 1545 452 1609 Nnc
470 1552 604 1610 tantum
620 1546 732 1627 ignem
747 1545 1015 1628 phantasticum,
1030 1545 1091 1608 sed
1109 1546 1213 1610 etiam
1232 1567 1251 1609 n
1259 1570 1299 1630 ne
1309 1569 1378 1608 exen-

252 1668 380 1724 verum,
395 1667 497 1730 quem
518 1647 617 1710 multi
636 1647 770 1728 frigidis
791 1648 937 1711 fontium
957 1646 1059 1710 undis
1077 1647 1213 1711 minime
1232 1619 1362 1720 illii‘iil.

208 1769 240 1813 ro
251 1748 415 1814 valebant
430 1748 659 1829 exstinguere,
674 1749 748 1829 ipse
769 1749 864 1812 solus
883 1748 1093 1812 ferventibus
1114 1748 1214 1812 lacri-

252 1867 384 1914 marum
403 1849 523 1913 rivulis
543 1849 756 1930 compressit.
801 1848 979 1931 Siquidem
1005 1848 1097 1925 dum,
1120 1868 1213 1912 more

253 1950 508 2032 Apostolorum,
533 1950 644 2030 gratia
667 1948 853 2012 salutiferae
878 1950 1114 2013 instructionis
1139 1950 1215 2013 uni-

250 2069 354 2115 versa
367 2049 599 2133 pertransiret,
615 2048 754 2113 devenit
777 2049 832 2112 die
853 2050 1003 2132 quadam
1023 2051 1060 2113 in
1078 2050 1214 2114 domum

251 2153 432 2234 cujusdam
471 2151 605 2216 devotae
639 2152 716 2215 Deo
749 2151 896 2229 feminae,
929 2171 1032 2234 quam
1064 2152 1214 2216 crebrius

211 2271 242 2315 15
254 2252 402 2316 invisere
426 2253 579 2330 curabat,
600 2253 683 2335 quia
705 2259 740 2316 ct
764 2252 865 2316 bonis
889 2253 1023 2316 actibus
1047 2253 1216 2316 intentam

254 2360 407 2431 noverat,
423 2361 458 2417 et
477 2354 555 2435 ipsa
571 2374 645 2417 eum
665 2354 784 2435 primis
802 2353 959 2434 pueritiae
978 2354 1154 2418 nutriebat
1171 2355 1215 2418 ab

253 2455 366 2531 annis,
386 2455 476 2517 unde
496 2462 531 2518 et
550 2453 663 2518 Mater
684 2455 728 2517 ab
752 2474 793 2518 eo
817 2456 1046 2536 cognominari
1070 2456 1214 2519 solebat.

255 2554 421 2619 Habebat
435 2565 550 2619 autem
565 2555 703 2618 domum
718 2556 754 2617 in
769 2556 975 2620 occidentali
989 2564 1089 2638 parte
1100 2558 1215 2634 viculi,

252 2674 359 2740 quam
378 2677 457 2720 cum
475 2657 527 2720 vir
547 2656 687 2719 Domini
707 2655 918 2719 Cudberctus
940 2657 1093 2721 Verbum
1113 2659 1215 2721 serni-

210 2777 244 2821 ao
256 2764 400 2822 naturus
410 2759 562 2835 intraret,
575 2765 715 2839 repente
726 2756 763 2819 in
774 2757 933 2821 orientali
947 2757 1051 2840 plaga
1062 2758 1215 2841 ejusdem

256 2859 326 2923 vici
340 2878 402 2941 per
418 2859 556 2941 culpam
575 2858 718 2922 incuriae
739 2858 860 2921 domus
880 2858 1023 2923 incensa
1037 2858 1217 2924 vehemen-

257 2959 388 3024 tissime
407 2960 516 3041 coepit
535 2960 662 3023 ardere.
707 2958 800 3022 Nam
824 2966 861 3022 et
881 2967 1003 3024 ventus
1029 2961 1073 3023 ab
1098 2961 1216 3024 eodem

254 3061 395 3125 climate
412 3080 481 3123 non
500 3060 655 3125 modicus
674 3061 871 3143 adsurgens,
886 3062 1078 3144 abripiebat
1091 3063 1218 3144 ignitos

256 3161 346 3226 fenei
370 3162 453 3224 tecti
474 3161 673 3239 fasciculos,
698 3171 734 3226 et
755 3170 863 3227 totam
885 3164 1045 3246 jactabat
1067 3164 1138 3228 late
1158 3185 1219 3247 per

213 3281 245 3326 25
258 3261 386 3328 villam.
430 3262 454 3325 J
456 3271 614 3328 aetantes
627 3283 752 3345 aquam
765 3265 824 3346 qui
838 3264 980 3328 aderant
990 3265 1109 3330 fortior
1122 3267 1218 3330 flam-

257 3382 314 3428 ma
328 3364 465 3446 repulit,
479 3365 683 3446 longiusque
697 3363 840 3446 fugavit.
882 3365 970 3427 Turn
985 3365 1132 3447 praefata
1151 3366 1217 3429 Dei

258 3464 388 3528 famula
409 3465 558 3529 cucurrit
577 3465 714 3528 concita
734 3464 778 3527 ad
799 3465 948 3541 domurn,
962 3464 997 3526 in
1017 3486 1087 3547 qua
1108 3468 1217 3530 virum

258 3566 325 3630 Dei
352 3573 537 3647 receperat,
567 3567 752 3629 obsecrans
777 3572 817 3628 ut
842 3564 972 3628 orando
997 3575 1218 3644 succurreret,

258 3668 459 3750 priusquam
474 3667 596 3730 domus
611 3666 722 3749 ipsius
738 3673 772 3729 et
787 3674 861 3731 tota
876 3666 979 3730 simul
990 3666 1072 3731 villa
1082 3668 1217 3749 periret.

217 3788 248 3832 ao
261 3768 310 3832 At
327 3768 397 3846 ille,
414 3773 424 3802 ‘
439 3767 495 3831 Ne
518 3770 662 3844 timea5,'
684 3768 807 3850 inquit,
827 3773 836 3802 ‘
852 3767 978 3845 Mater,
998 3769 1220 3852 animaequior

261 3877 354 3950 esto;
378 3890 447 3934 non
472 3871 562 3933 enim
584 3871 646 3933 tibi
670 3871 781 3934 tuisve
801 3869 876 3932 haec
900 3870 1090 3951 quamlibet
1108 3891 1219 3935 vorax

351 4134 360 4163 ⁶
377 4136 470 4185 Cnrur
482 4129 573 4201 X1V.]
592 4134 646 4181 Vit.
660 4134 724 4181 Met.
737 4133 802 4193 Cap.
816 4145 881 4193 xu.;
900 4133 955 4183 vit.
966 4134 1051 4185 Anon.
1064 4134 1077 4200 ξ
1090 4141 1132 4188 20.
