2850 4890
555 363 723 413 sacrorn
748 368 829 417 vnn.
854 367 978 421 naam·
1195 365 1238 429 19

284 517 343 582 Fit
359 520 536 585 monachis
551 525 677 602 socius,
697 547 785 610 quos
801 529 1043 599 Lindisfarnea
1060 539 1176 620 glauci

283 618 405 684 Insula
421 621 517 687 clara
533 626 639 689 maris
657 627 775 692 refluis
793 632 989 699 circumluit
1004 638 1129 719 undis3
1215 637 1222 649 '

282 717 394 803 Inque
412 721 509 788 brevi
524 745 594 807 qua
607 727 709 809 plura
726 730 839 794 nitens
856 753 918 815 per
931 737 1032 818 signa
1047 758 1213 805 coruscus

280 818 396 902 Erigit
410 822 734 909 innumerospulsis
749 831 976 914 languoribus
993 857 1118 920 aegros

251 931 265 974 ⁵
280 918 406 986 Hostis
421 929 457 986 et
472 932 550 988 atra
566 929 679 990 crucis
695 931 801 994 rutilo
819 933 919 1015 fugat
935 956 1032 1001 arma
1045 941 1212 1023 trophaeo.

279 1018 367 1099 Quae
384 1023 473 1087 facie
490 1028 649 1107 quamvis
667 1030 803 1107 absens,
820 1033 882 1098 sed
899 1044 1038 1118 pectore
1055 1060 1208 1123 praesens

277 1118 447 1201 Conterit,
482 1133 531 1288 etd
551 1125 644 1191 foedo
679 1128 810 1195 Christi
843 1132 982 1200 domum
1016 1141 1059 1203 ab
1090 1140 1228 1226 hospite

426 1243 508 1287 mun
533 1234 581 1290 at.

275 1320 453 1387 Internum
471 1326 554 1407 quid
572 1327 663 1390 enim
679 1347 782 1392 coner
799 1329 991 1400 describere
1011 1339 1144 1404 vitaml

230 1441 260 1484 ro
274 1419 389 1500 Quam
415 1424 527 1489 dulcis
554 1446 722 1506 sermone,
749 1433 912 1512 gravisve
939 1436 986 1500 sit
1014 1440 1161 1519 actibus,
1191 1452 1225 1507 et

424 1545 529 1608 quam

272 1619 464 1689 Accensam
482 1626 633 1691 lacrimis
650 1631 786 1694 acuarit
803 1630 847 1694 ad
865 1633 996 1699 aethera
1012 1631 1173 1719 mentem,

271 1720 359 1787 Cum
377 1726 483 1790 decus
499 1724 681 1792 externum
698 1732 778 1813 puri
796 1732 841 1796 sit
859 1737 1010 1816 pectoris
1027 1738 1157 1806 indexl

600 1995 765 2093 aanor
790 2028 878 2094 xv.

221 2237 250 2282 15
329 2229 455 2301 Qualem
469 2230 532 2293 sibi
545 2229 578 2292 in
594 2228 696 2293 iosala
712 2232 830 2307 Farae,
843 2228 946 2313 palcis
962 2229 1153 2307 damonibus,

564 2330 779 2394 habitationem
787 2330 915 2417 fecerit.

311 2527 471 2592 Taunum
492 2529 605 2592 Farne
623 2530 711 2611 petit
727 2529 854 2607 senior,
873 2528 1069 2611 cupitisque
1080 2531 1213 2611 potitus

261 2627 407 2693 Sedibus
424 2630 606 2711 indigenas
623 2630 739 2712 patria
756 2629 857 2710 fugat
873 2628 1020 2711 impiger
1038 2636 1144 2694 atros

262 2727 330 2792 Illa
346 2731 443 2813 prius
460 2750 540 2793 nam
557 2730 700 2794 horrens
718 2729 908 2794 larvalibus
926 2728 1042 2792 insula
1057 2729 1174 2793 flabris

213 2842 245 2887 aa
259 2826 412 2894 Arcebat
429 2829 581 2894 humana
596 2831 699 2895 minis
716 2829 892 2894 consortia
909 2828 1010 2891 caecis
1024 2849 1032 2908 ;

260 2927 375 3008 Quam
403 2931 545 2994 Domini
572 2950 655 2995 mox
682 2949 803 2995 servus
831 2928 916 3004 adit,
945 2947 1046 2992 cruce
1068 2929 1209 2992 territus

408 3038 513 3095 atrox

257 3129 375 3194 Turbo
393 3130 484 3212 fugit
500 3151 562 3215 per
579 3131 680 3194 inane
696 3130 779 3213 vagi
796 3130 896 3212 quasi
913 3129 1027 3212 portio
1044 3127 1138 3192 fumi.

257 3229 322 3293 Ille
340 3250 462 3295 serena
478 3238 611 3309 tenens,
628 3239 794 3314 pereunte
810 3230 1004 3313 tyrannide,
1021 3248 1140 3311 regna,

207 3343 239 3388 25
255 3330 426 3396 Terrestri
443 3331 628 3396 aetheream
640 3350 744 3395 sacer
761 3350 889 3413 aggere
906 3328 1058 3396 condidit
1074 3331 1205 3408 urbem,

254 3429 373 3514 Atque
390 3431 537 3497 humiles
555 3432 657 3496 celsis
675 3432 801 3497 statuit
818 3433 883 3496 sub
900 3431 1072 3496 moenibus
1091 3431 1203 3510 aedes3

255 3531 284 3595 E
301 3533 428 3614 quibus
440 3533 637 3597 astriferum
656 3539 792 3596 tantum
811 3539 990 3615 aspectare
1006 3550 1171 3596 cacumen

178 3694 180 3699 .
253 3626 391 3710 Posset,
410 3640 445 3697 et
463 3652 485 3696 a
502 3632 594 3697 celso
612 3640 765 3697 secretus
782 3652 863 3714 rege
878 3633 980 3697 tueri.

253 3731 343 3797 Haec
359 3740 395 3797 et
412 3740 452 3797 ut
469 3734 505 3797 in
522 3735 657 3798 cunctis
675 3734 794 3797 divina
810 3740 1004 3816 patesceret
1021 3732 1104 3795 almi

284 4027 304 4060 ¹⁴
315 4030 402 4080 Canac
413 4030 484 4094 XV.]
495 4031 547 4082 vit.
560 4031 634 4081 Pros.
645 4030 710 4092 Cap.
781 4025 802 4056 ²³
813 4028 865 4076 Per
876 4063 882 4077 .
897 4062 903 4076 .
917 4061 923 4075 .
932 4017 1037 4089 poclm]
1050 4021 1116 4083 Vagi
1127 4024 1201 4083 quasi

248 4113 313 4151 xvrr.
747 4108 792 4159 per
810 4113 878 4147 mare
894 4095 985 4158 portio,
1006 4093 1051 4151 C.;
1069 4105 1114 4153 per
1132 4106 1200 4140 mare

746 4169 806 4231 vagi
816 4169 890 4229 quasi
900 4165 990 4227 portio,
1003 4162 1067 4280 10122.
