2850 4890
293 362 337 425 36
565 380 671 427 ›vrrn
690 379 720 427 s,
740 379 976 439 curnnunrr,

294 536 345 600 Te
360 538 458 614 duce,
472 539 563 602 bella
576 546 689 617 ruunt,
702 546 740 602 tu
755 539 863 603 noxia
878 538 1070 620 comprimis
1087 556 1192 614 arma,

295 638 420 702 Libera
433 646 471 703 ut
486 640 586 704 electi
600 641 779 723 potiantur
791 643 868 705 luce
883 661 944 724 per
957 639 1090 705 aevumss

295 741 414 804 Indice
430 748 503 804 tum
518 743 655 806 flamma
670 741 1006 806 Lindissarnensibus
1022 741 1093 819 illa,

297 841 378 921 Qua
391 843 474 924 vigil
490 864 508 907 e
524 844 673 925 speculis
688 863 820 926 pernox
836 849 1034 907 servaverat
1047 842 1141 919 hora,

296 944 477 1009 AEthereas
493 945 648 1027 pandunt
663 952 778 1010 vatem
793 952 992 1027 penetrasse
1008 945 1071 1008 sub
1088 960 1200 1006 auras.
1285 961 1300 1001 s

298 1043 367 1123 Qui
377 1046 450 1130 jam
466 1053 640 1110 nocturnae
654 1054 727 1110 tum
742 1045 829 1110 forte
845 1047 908 1110 sub
923 1047 1039 1110 ordine
1054 1045 1178 1120 laudis,

297 1148 372 1230 Ipsi
386 1147 491 1212 etiam
505 1149 625 1211 mirum
640 1148 794 1232 ejusdem
809 1147 1040 1212 modulamine
1055 1147 1181 1230 psalmi

295 1247 451 1313 Verbera
465 1256 590 1313 moesta
605 1248 704 1332 sequi
716 1249 859 1312 Domini
872 1249 932 1330 pia
947 1249 1038 1312 dona
1053 1249 1233 1312 canebant.

296 1348 371 1413 Nec
386 1357 549 1433 suspecta
563 1351 621 1414 diu
636 1350 777 1415 tardant
788 1351 976 1432 praesagia;
999 1369 1079 1413 nam
1094 1369 1176 1413 mox

295 1450 398 1516 Vatis
412 1450 596 1514 honorifico
610 1451 795 1514 mittuntur
809 1457 847 1513 ut
862 1451 954 1514 alma
968 1450 1148 1533 sepulchro
1269 1467 1301 1510 ro

295 1551 428 1618 Altaris
443 1555 563 1619 dextro
579 1555 784 1620 subcondita
798 1573 963 1618 marmore
977 1555 1138 1629 membra,

295 1656 466 1720 insistens
482 1658 599 1740 aquilo
614 1657 723 1721 niveis
740 1657 889 1721 confisus
905 1657 942 1719 in
958 1656 1061 1720 armis

338 1758 345 1772 ’
372 1777 390 1821 c
406 1766 510 1841 atque
523 1759 602 1822 hinc
618 1760 705 1823 adeo
721 1758 963 1823 Lindislarnea
978 1758 1110 1841 perosis

452 1909 468 1927 e
508 1859 515 1873 ’
573 1861 675 1937 abris,
690 1868 728 1925 ut
741 1861 865 1924 nobilis
879 1860 940 1924 illa
954 1866 1134 1943 parentum

290 1965 455 2042 Noverat,
471 1965 562 2028 alma
576 1982 665 2026 sae„
773 1962 926 2043 stamine
941 1980 1062 2037 rerum,
1269 1978 1300 2021 15

290 2066 432 2130 Patroni
448 2065 631 2149 quondam,
646 2064 745 2127 terris
760 2064 820 2125 ubi
834 2082 953 2125 reuma
971 2064 1084 2141 subire
1099 2060 1217 2144 pericli

290 2166 376 2230 Inde
392 2167 482 2248 rapit
494 2172 627 2247 partem
642 2165 812 2228 modicam
826 2162 968 2237 telluris
984 2166 1019 2223 et
1032 2160 1144 2241 ipsam

291 2268 466 2332 lmmiscet
479 2267 586 2342 latici,
601 2267 702 2330 dictis
718 2270 916 2330 sacraverat
930 2263 1040 2325 almis
1261 2276 1291 2319 15

291 2369 364 2433 Dat
376 2375 495 2450 potum
508 2385 624 2449 puero,
639 2367 766 2430 stridor·
779 2385 861 2429 mox
876 2364 967 2428 cedit
981 2380 1118 2425 amarus
1131 2383 1140 2440 3

292 2470 366 2534 Nec
381 2488 488 2545 mora,
500 2467 603 2550 plena
615 2469 709 2532 salus
721 2467 818 2530 redit.
842 2466 923 2548 Ipse
935 2482 1083 2546 superna
1094 2467 1250 2527 verenter

291 2571 438 2635 Munera
452 2569 638 2646 collaudat,
652 2569 800 2650 laetoque
815 2586 876 2649 per
889 2565 1003 2627 omnia
1016 2581 1123 2647 passu

292 2673 470 2739 Cutberhti
483 2674 616 2738 cunctis
632 2673 759 2736 donum
774 2668 968 2756 venerabile
982 2666 1113 2748 pandit.

622 2906 782 2971 CAPUT
805 2903 906 2968 XLI.
1261 2920 1293 2964 ao

327 3080 487 3157 Quomodo
502 3089 635 3165 oeprotns
649 3076 694 3139 ad
709 3075 854 3138 ramulum
869 3076 934 3162 ejus
948 3074 1067 3138 orando
1083 3082 1217 3136 curetur.

335 3250 472 3313 Aurum
488 3247 674 3330 morbigeni
689 3253 887 3311 consumtus
904 3245 946 3308 ab
960 3245 1037 3326 igne
1053 3244 1189 3320 camini,

292 3351 364 3416 Vix
378 3351 498 3415 famuli
513 3352 668 3417 manibus
685 3356 841 3413 sanctam
855 3346 1033 3410 deducitur
1048 3346 1110 3409 alti

293 3452 456 3535 Martyris
472 3452 514 3516 ad
532 3454 694 3529 tumbam,
710 3471 795 3534 genu
812 3451 918 3532 ponit,
934 3450 1091 3512 obsecrat
1105 3446 1173 3509 illis

292 3556 428 3637 Eripiat
441 3553 565 3618 vinclis
580 3554 669 3617 tanti
683 3572 752 3618 vox
766 3553 857 3616 alma
871 3551 1018 3632 patroni.
1262 3567 1293 3610 25

293 3657 419 3740 Surgit,
434 3667 470 3719 et
483 3655 621 3720 aetherei
634 3655 788 3719 firmatus
804 3673 941 3717 munere
956 3653 1037 3715 doni

293 3761 418 3824 Libera
433 3758 622 3841 sospitibus
637 3758 736 3841 ponit
750 3756 896 3838 vestigia
910 3754 1050 3838 plantis

293 3863 428 3945 Perque
443 3859 517 3925 dies
532 3861 652 3942 priscae
667 3860 789 3943 recipit
799 3859 873 3943 jam
888 3858 980 3921 dona
995 3856 1127 3920 salutis.

330 4065 349 4095 ¹⁴
365 4065 588 4130 Inde...ipsom.]
612 4064 754 4125 Inderapit
824 4061 952 4112 ²⁰Cn1²ur
973 4061 1056 4123 XLI.]
1099 4061 1153 4109 Vit.
1172 4059 1249 4108 Pros.

295 4138 419 4258 fgssndeff
436 4138 537 4187 modico
556 4139 589 4186 de
609 4151 668 4185 rure
684 4136 753 4184 salu·
792 4135 855 4196 Cap.
869 4147 941 4184 xilv.
