2850 4890
408 399 592 450 sucronu
609 400 698 461 run.
716 400 829 449 uuus.
1036 384 1102 450 157

140 568 256 626 sumto
276 560 402 626 abbate
420 559 613 644 juveniore,
631 561 817 644 perfectius
834 561 940 645 juxta
962 567 1100 627 aetatem
1115 571 1262 622 anua

139 662 306 745 magistri,
320 682 399 746 quae
417 663 500 728 vitae
518 663 682 746 regularis
705 670 823 729 essent
840 664 1011 742 instituta,
1031 683 1101 729 ser·

138 770 272 830 varent.

185 866 271 951 §la
301 863 545 931 Obnitentibus
569 865 653 930 licet
676 865 786 949 primo
812 867 979 944 omnibus,
1005 874 1041 931 et
1064 867 1101 931 in
1117 873 1240 966 ffi{.⁶⁰⁹⁸''

112 968 302 1033 slacrimas
335 968 573 1051 singultusque
608 987 720 1051 genua
754 988 832 1032 cum
866 969 1102 1034 obsecratione

142 1072 261 1135 crebra
282 1071 511 1144 flectentibus,
525 1068 655 1134 factum
671 1070 829 1153 estquod
845 1069 966 1135 voluit.
1009 1070 1103 1134 Tan·

140 1178 247 1255 taque
266 1179 340 1237 erat
357 1170 596 1256 proficiscendi
619 1171 756 1254 cupido,
778 1179 818 1235 ut
841 1173 943 1236 tertia
966 1173 1032 1249 die,
1057 1193 1102 1236 ex

142 1294 212 1357 quo
228 1273 408 1339 Fratribus
429 1281 597 1339 secretum
617 1275 671 1337 sui
691 1274 860 1357 propositi
878 1274 1023 1358 aperuit,
1037 1274 1103 1339 iter

142 1377 318 1461 arriperet.
362 1377 522 1442 Timebat
547 1375 637 1440 enim
663 1376 753 1459 quod
778 1375 903 1454 evenit,
926 1396 969 1440 ne
992 1376 1103 1460 prius·

99 1497 250 1560 mquam
285 1478 433 1544 Romam
466 1479 645 1562 pervenire
680 1487 810 1561 posset,
838 1479 966 1558 obiret;
1001 1478 1103 1541 simul

142 1580 315 1659 devitans,
340 1600 384 1645 ne
411 1582 454 1645 ab
481 1579 602 1644 amicis
631 1580 704 1646 sive
735 1580 819 1646 viris
846 1580 1106 1668 principalibus,

143 1681 271 1763 quibus
291 1682 426 1746 cunctis
447 1689 522 1746 erat
540 1682 761 1761 honorabilis,
774 1680 849 1765 ejus
865 1689 981 1764 coepta
999 1689 1105 1747 retar-

143 1783 318 1861 darentur,
333 1790 369 1848 et
388 1803 431 1847 ne
450 1785 599 1866 pecunia
620 1783 757 1848 daretur
775 1783 827 1846 illi
847 1803 868 1848 a
887 1782 1105 1866 quibusdam,

144 1904 251 1967 quam
287 1885 476 1950 retribuere
511 1905 574 1969 pro
609 1892 761 1969 tempore
793 1885 971 1969 nequiret;
1015 1884 1104 1950 hanc

101 2006 132 2051 rs
146 1987 278 2053 habens
291 2007 424 2071 semper
435 1988 731 2065 consuetudinem,
741 1996 780 2052 ut
791 1989 822 2052 si
833 1988 910 2071 quis
926 1987 959 2051 ei
974 1985 1106 2070 aliquid

144 2091 297 2154 muneris
312 2089 454 2167 offerret,
468 2090 533 2154 hoc
552 2089 603 2153 illi
622 2089 678 2155 vel
696 2089 825 2167 statim,
838 2089 894 2154 vel
908 2096 989 2172 post
1002 2088 1106 2152 inter·

146 2190 277 2255 vallum
301 2197 509 2274 competens,
529 2210 598 2254 non
618 2192 747 2255 minore
768 2191 878 2273 gratia
896 2189 1104 2274 rependeret.

148 2291 301 2357 Cantata
320 2311 399 2375 ergo
418 2292 529 2376 primo
547 2310 647 2358 mane
663 2293 770 2356 missa
783 2292 820 2355 in
833 2291 980 2355 ecclesia
994 2293 1106 2356 beatae

148 2393 217 2458 Dei
238 2394 430 2459 Genetricis
456 2414 657 2479 semperque
681 2394 823 2477 virginis
851 2393 985 2472 Mariae,
1012 2394 1106 2457 etin

104 2516 136 2561 oo
148 2497 297 2562 ecclesia
306 2496 468 2581 Apostoli
478 2497 582 2575 Petri,
594 2497 703 2580 pridie
717 2516 826 2561 nouas
839 2495 862 2560 J
864 2496 975 2573 unias,
986 2495 1108 2578 quinta

148 2597 244 2676 feria,
267 2605 303 2663 et
325 2599 658 2663 communicantibus
682 2599 742 2682 qui
766 2597 920 2675 aderant,
943 2596 1106 2661 continuo

148 2708 365 2784 praeparatur
393 2701 437 2765 ad
467 2699 626 2764 eundum.
681 2699 898 2766 Conveniunt
924 2716 1042 2762 omnes
1070 2698 1108 2762 in

150 2802 331 2866 ecclesiam
349 2802 460 2867 beatri
480 2801 586 2880 Petri,
601 2802 675 2884 ipse
691 2801 789 2865 thure
809 2801 950 2865 incenso
965 2806 1001 2863 et
1015 2798 1108 2864 dicta

95 2976 101 2986 ,
150 2904 306 2968 oratione
328 2904 376 2968 ad
403 2904 521 2979 altare,
544 2922 665 2986 pacem
684 2903 745 2967 dat
764 2902 933 2980 omnibus,
954 2907 1052 2966 stans
1073 2902 1109 2966 in

107 3023 138 3068 2⁵
151 3005 323 3090 gradibus,
338 3004 544 3069 thuribulum
560 3004 691 3069 habens
706 3005 741 3068 in
755 3023 870 3068 manu.
914 3003 1008 3068 Hinc
1022 3003 1110 3068 deti·
1204 3009 1208 3018 '

151 3107 216 3170 bus
235 3106 471 3172 universorum
493 3107 583 3171 inter
601 3107 751 3172 letanias
773 3107 1026 3185 resonantibus,
1048 3126 1109 3171 ex-

152 3216 257 3289 eunt3
278 3208 372 3273 beati
387 3207 564 3272 Laurentii
581 3210 742 3292 martyris
760 3210 954 3288 oratorium,
969 3209 1060 3292 quod
1073 3211 1109 3274 in

151 3309 349 3374 dormitorio
379 3307 537 3374 Fratrum
564 3318 639 3375 erat
667 3311 816 3389 obvium,
843 3312 993 3393 intrant;
1031 3312 1110 3378 vale

152 3412 270 3477 dicens
284 3411 451 3490 ultimum,
462 3411 505 3476 de
516 3412 752 3477 conservanda
761 3414 908 3479 invicem
918 3413 1111 3493 dilectione,

110 3533 141 3578 ao
152 3520 189 3579 et
203 3512 479 3595 delinquentibus
489 3513 596 3597 juxta
610 3512 789 3596 Evangelii
803 3515 956 3598 regulam
971 3517 1111 3600 corripi·

153 3613 264 3692 endis,
290 3607 469 3696 admonet3
492 3615 660 3693 omnibus,
683 3614 715 3679 si
739 3615 820 3698 quid
838 3615 925 3681 forte
949 3617 1112 3702 deliquis-

155 3723 244 3794 sent,
257 3715 403 3798 gratiam
417 3736 490 3781 suae
505 3716 716 3782 remissionis
728 3724 764 3782 et
776 3717 980 3801 placationis
996 3719 1111 3802 offert3

154 3838 274 3883 omnes
287 3836 350 3902 pro
364 3838 401 3882 se
417 3837 524 3896 orare,
539 3819 604 3884 sibi
623 3819 781 3901 placatos
801 3821 977 3897 exsistere,
992 3820 1022 3883 si
1043 3821 1114 3886 sint

155 3939 244 4005 quos
261 3920 380 3984 durius
388 3919 487 4003 justo
500 3910 739 4003 redarguisset,
751 3921 918 3985 obsecrat.
960 3920 1115 3986 Veniunt

114 4042 144 4087 as
157 4023 201 4088 ad
214 4022 317 4103 litus3
339 4040 471 4086 rursum
486 4023 603 4087 osculo
617 4023 716 4106 pacis
730 4022 821 4087 inter
833 4023 991 4086 lacrimas
1006 4023 1114 4086 omni-

156 4126 222 4200 bus
241 4123 335 4214 dato,
349 4144 462 4207 genua
475 4124 637 4209 flectunt;
660 4125 722 4190 dat
741 4125 939 4202 orationem,
957 4126 1115 4192 ascendit

159 4246 282 4294 navem
310 4245 389 4291 cum
416 4227 610 4292 comitibus.
660 4224 864 4293 Ascendunt
891 4234 926 4293 et
952 4227 1115 4295 diacones
