2850 4890
416 371 597 423 sucronn
613 373 702 421 vnn.
721 372 833 421 nnor.
1039 353 1105 419 155

145 525 234 591 terio
248 527 425 593 beatorum
438 525 684 611 Apostolorum
699 527 794 592 Petri
808 534 843 592 et
853 527 966 608 Pauli,
981 528 1104 611 viginti
1121 545 1154 597 A.
1165 545 1197 597 n.
1209 548 1267 594 ooo.

145 634 182 691 et
195 637 274 693 octo
289 649 398 694 annos
413 630 544 694 sollerti
559 630 721 712 regimine
735 629 895 713 praefuit3
918 638 954 694 et
969 637 1105 706 cuncta,

145 749 224 812 quae
258 750 341 796 suus
373 733 594 815 predecessor
630 732 767 815 egregia
798 732 962 796 virtutum
999 751 1107 815 opera

144 833 262 914 coepit,
276 833 351 916 ipse
371 854 439 897 non
460 836 598 917 segnius
619 837 781 919 perficere
803 834 947 899 curavit.
992 833 1107 916 Siqui-

115 952 130 994 s
143 931 221 997 dem
241 935 330 999 inter
348 943 463 1001 cetera
477 937 678 1001 monasterii
692 936 898 1013 necessaria,
909 954 991 1018 ‘quae
1005 935 1107 1016 longo

145 1037 283 1116 regendi
298 1044 450 1120 tempore
460 1037 675 1121 disponenda
690 1037 878 1120 comperiit,
890 1037 993 1101 etiam
1009 1036 1108 1118 plura

145 1136 230 1202 fecit
248 1139 415 1219 oratoria3
439 1139 558 1204 altaris
579 1147 614 1204 et
633 1139 791 1204 ecclesiae
811 1158 909 1217 vasa,
926 1139 982 1204 vel
1002 1139 1108 1202 vesti·

146 1247 264 1305 menta
277 1241 386 1304 omnis
402 1242 534 1323 generis
546 1240 745 1324 ampliavit3
767 1239 1009 1304 bibliothecam
1023 1239 1109 1302 utri·

147 1361 258 1425 usque
277 1344 485 1422 monasterii,
500 1363 604 1426 quam
623 1343 833 1407 Benedictus
853 1342 961 1407 abbas
983 1359 1109 1423 magna

103 1462 135 1507 ro
148 1445 255 1526 coepit
274 1445 450 1524 instantia,
464 1447 540 1529 ipse
560 1466 629 1510 non
648 1446 769 1509 minori
789 1444 974 1526 geminavit
991 1443 1109 1507 indus-

148 1545 234 1609 tria:
261 1546 313 1609 ita
333 1552 373 1609 ut
390 1553 459 1610 tres
479 1547 667 1630 pandectes
686 1565 787 1612 novae
808 1546 1043 1611 translationis
1063 1544 1108 1609 ad

147 1667 254 1711 unum
268 1655 416 1713 vetustae
437 1649 686 1726 translationis
699 1668 802 1731 quem
820 1648 863 1712 de
884 1646 998 1712 Roma
1018 1654 1109 1711 attu-

145 1749 248 1827 lerat,
262 1749 337 1831 ipse
352 1768 456 1831 super
470 1749 690 1833 adjungeret3
713 1768 858 1832 quorum
878 1768 983 1812 unum
1001 1768 1108 1812 senex

150 1849 295 1914 Romam
332 1849 467 1914 rediens
501 1870 617 1915 secum
649 1851 739 1915 inter
772 1850 842 1915 alia
875 1869 936 1933 pro
971 1869 1109 1915 munere

105 1953 283 2030 resumsit,
313 1953 399 2016 duos
427 1953 562 2035 utrique
590 1952 800 2016 monasterio
834 1951 989 2035 reliquit;
1027 1953 1109 2016 dato

149 2073 287 2137 quoque
315 2052 636 2137 cosmographorum
664 2054 782 2117 codice
811 2053 958 2117 mirandi
985 2055 1109 2137 operis,

150 2175 250 2238 quem
267 2154 389 2220 Romae
403 2155 611 2220 Benedictus
627 2163 767 2233 emerat,
779 2163 903 2219 terram
918 2163 996 2220 octo
1010 2155 1110 2220 fami·

149 2257 271 2320 liarum
285 2257 390 2341 juxta
409 2256 551 2323 fluvium
578 2257 705 2322 Fresca
729 2259 773 2322 ab
796 2256 955 2322 Aldsrido
976 2276 1054 2340 rege
1073 2257 1109 2320 in

150 2359 347 2443 Scripturis,
362 2359 573 2438 doctissimo,
587 2361 624 2424 in
638 2360 894 2442 possessionem
911 2359 1110 2424 monasterii

106 2480 139 2532 ao
150 2462 245 2525 beati
264 2461 367 2526 Pauli
386 2462 549 2544 Apostoli
577 2463 810 2546 comparavit3
843 2482 945 2545 quem
971 2481 1110 2543 eompa-

150 2563 249 2627 randi
276 2563 429 2627 ordinem
457 2565 544 2646 ipse,
571 2564 653 2628 dum
687 2563 798 2629 adhuc
828 2565 969 2642 viveret,
999 2563 1110 2628 Bene-

150 2666 263 2729 dictus
289 2684 367 2729 cum
394 2667 515 2730 eodem
537 2687 616 2750 rege
642 2665 800 2731 Aldfrido
829 2672 1024 2745 taxaverat,
1049 2666 1110 2729 sed

151 2768 245 2851 prius
259 2787 364 2850 quam
379 2769 548 2852 complere
563 2769 745 2852 potuisset,
759 2769 854 2832 obiit.
899 2765 1028 2832 Verum
1047 2787 1110 2850 pro

149 2869 215 2934 hac
245 2878 338 2935 terra
370 2872 601 2953 postmodum,
633 2869 767 2934 Osredo
799 2877 974 2951 regnante,
1011 2868 1111 2933 Ceol-

106 2971 269 3050 aufridus
298 2973 416 3037 addito
442 2975 553 3056 pretio
579 2973 693 3056 digno,
717 2979 842 3036 terram
866 2970 988 3053 viginti
1013 2969 1111 3034 fami-

149 3074 272 3138 liarum
297 3075 332 3137 in
355 3075 443 3152 loco,
468 3052 534 3158 qui
554 3074 742 3137 incolarum
765 3072 885 3154 lingua
911 3070 968 3136 Ad
992 3072 1110 3137 villam

151 3175 321 3241 Sambuoe
336 3184 490 3254 vocatur,
505 3177 588 3260 quia
603 3175 677 3238 haec
691 3175 836 3240 vicinior
850 3174 960 3238 eidem
974 3193 1111 3238 monas-

151 3280 237 3342 terio
252 3278 443 3356 videbatur,
459 3280 603 3361 accepit.
635 3277 756 3341 Missis
772 3275 920 3340 Romam
933 3275 1111 3340 monachis

152 3387 302 3464 tempore
328 3381 440 3445 beatae
462 3380 709 3444 reeordationis
735 3377 844 3460 Sergii
869 3397 981 3461 papae,
1005 3377 1111 3460 privi-

109 3501 140 3545 ao
150 3482 276 3565 legium
302 3483 346 3546 ab
372 3501 413 3545 eo
439 3501 500 3564 pro
526 3482 671 3546 tuitione
696 3480 752 3545 sui
777 3480 975 3544 monasterii
1000 3480 1111 3542 instar

150 3585 253 3663 illius,
267 3584 357 3667 quod
372 3583 510 3666 Agatho
526 3603 619 3667 papa
634 3582 822 3646 Benedioto
844 3580 996 3658 dederat,
1012 3600 1112 3647 acce-

152 3687 223 3769 pit;
246 3686 338 3768 quod
362 3685 553 3749 Brittanias
575 3683 756 3767 perlatum,
778 3691 814 3747 et
836 3701 951 3746 coram
976 3682 1109 3765 synodo

152 3786 374 3871 patefactum,
409 3787 630 3871 praesentium
666 3785 906 3868 episcoporum
942 3782 1042 3846 simul
1075 3790 1110 3846 et

152 3888 324 3973 magnifici
342 3888 431 3972 regis
446 3886 594 3952 Aldlridi
608 3887 859 3969 subscriptione
874 3884 1110 3949 confirmatum

460 4199 480 4230 ²⁴
501 4198 614 4262 Geroda]
634 4197 745 4262 Ossedo,
758 4197 796 4246 Η.
