2850 4890
334 355 424 401 vrrs
443 356 471 404 s.
489 355 724 417 consanam,
739 353 850 402 sucu.
869 354 987 402 snos.
1070 337 1134 403 281

180 522 256 560 mem
271 501 433 562 andierunt.
472 501 610 562 Nuncius
626 512 723 562 antem
738 503 866 562 crastina
879 501 926 560 die
945 521 1080 561 reversus
1095 501 1134 561 ad

179 589 360 647 abbatissam
375 610 433 659 res,
448 596 481 646 ut
494 596 556 647 erat
572 599 667 667 gesta,
682 589 834 648 referebat.
879 588 938 646 Illa
951 608 1021 647 vero
1036 590 1133 646 statim

181 673 219 731 ad
242 675 413 753 episcopum
433 683 567 733 sanctum
587 676 725 745 cucurrit,
745 675 952 752 dedicantique
971 694 1007 731 eo
1028 673 1076 732 die
1094 674 1134 731 ibi

180 759 349 830 ecclesiam,
368 769 398 818 et
421 761 540 818 missam
562 762 747 819 cantantibus
772 768 841 818 tunc
866 760 894 816 in
921 779 957 817 eo
981 758 1061 829 loco,
1086 760 1135 818 ubi

149 844 293 914 adicitur,
328 845 517 916 ίΜοηκιιῑο,
546 845 684 916 Domine,
713 844 909 913 famulorum,'
937 845 1077 903 anhelans
1105 847 1134 903 in

178 930 332 989 basilicam
361 933 503 1010 pervenit,
535 951 700 1010 nomenque
729 931 850 1000 Fratris,
874 929 955 1009 quod
978 929 1134 989 dicebatur

183 1016 362 1094 Hadpuald,
382 1017 533 1087 indicavit,
552 1018 715 1094 intelligens
733 1017 762 1074 in
783 1038 819 1075 eo
839 1036 895 1074 non
916 1015 1010 1073 solum
1029 1018 1055 1074 in
1079 1017 1136 1074 hoc

180 1103 342 1181 prophetiae
358 1103 501 1180 spiritum,
517 1103 570 1161 sed
584 1111 613 1162 et
630 1104 658 1161 in
673 1102 809 1161 omnihus
830 1102 1022 1180 apostolicam
1040 1103 1138 1180 provi-

180 1187 309 1246 dentiam
332 1190 525 1262 agnoscebat,
546 1209 612 1270 quae
637 1196 667 1247 et
688 1198 809 1247 mortem
834 1190 899 1266 ejus
921 1186 1021 1245 multis
1040 1187 1136 1246 modis

140 1289 171 1332 10
182 1271 334 1333 evidenter
347 1273 492 1351 praedixit.

223 1364 299 1431 §4st
323 1358 418 1435 Igitur
434 1370 501 1438 post
514 1357 589 1418 duos
604 1378 695 1417 annos
711 1359 899 1438 episcopatus
914 1357 960 1415 sui
974 1357 1136 1416 secularem
1156 1375 1276 1417 nerurnrro

179 1443 321 1502 honorem
336 1454 440 1523 sponte
455 1445 606 1515 deserens,
623 1444 786 1524 prophetali
800 1445 902 1522 spiritu
919 1442 978 1501 Dei
996 1443 1136 1514 imbutus,
1156 1425 1230 1466 arrae.

179 1528 249 1586 vitae
271 1531 382 1587 ohitnm
406 1530 575 1609 providens,
594 1530 724 1609 pristinae
749 1530 886 1589 solitariae
907 1529 1137 1589 conversationis

181 1633 281 1673 amore
295 1615 423 1686 illectus,
445 1616 484 1674 ad
503 1616 639 1686 insulam,
657 1615 735 1674 unde
753 1616 822 1674 olim
842 1626 947 1674 coacte
969 1615 1136 1674 abstractus

138 1715 169 1760 15
181 1708 238 1769 est,
253 1701 356 1758 iterum
370 1703 577 1771 revertebatur,
588 1702 738 1780 colloquio
753 1711 783 1760 et
796 1701 953 1759 ministerio
967 1702 1136 1777 angelorum

182 1795 349 1857 contentus,
364 1787 490 1846 fundans
502 1807 584 1865 spem
596 1787 744 1866 fidemque
755 1786 793 1846 ad
806 1787 905 1846 Deum
919 1786 1003 1865 plene
1015 1806 1137 1864 ponens,

181 1871 339 1948 languente
346 1874 411 1951 jam
427 1893 560 1952 corpore,
571 1872 699 1952 quadam
710 1873 877 1932 infirmitate
891 1871 1043 1951 depresso,
1055 1872 1137 1931 solus

181 1958 329 2016 manebat.

224 2048 237 2115 t
251 2048 301 2103 41.
328 2041 365 2100 In
381 2043 482 2101 ultimo
496 2043 595 2123 itaque
610 2053 741 2124 tempore
755 2043 929 2102 infirmitatis
944 2063 1006 2102 sure
1019 2041 1137 2102 fratrem
1156 2065 1261 2106 curetur

138 2145 172 2189 2⁰
184 2128 343 2206 quemdam
363 2127 479 2186 fidelem
496 2138 526 2187 et
540 2131 706 2208 probatum,
722 2129 773 2208 qui
791 2130 888 2188 adhuc
905 2130 1007 2189 vivens
1026 2129 1137 2188 Pallis·
1156 2119 1269 2157 ³¹¹²¹¹d⁸¹¹‘·

182 2212 234 2272 tod
255 2213 371 2283 dicitur,
389 2214 564 2293 dysenteriae
583 2215 722 2294 languore
743 2215 947 2282 infirmantem,
971 2215 1138 2292 specialiter

183 2297 270 2357 adse
291 2300 390 2359 venire
408 2307 438 2358 et
459 2301 622 2360 ministrare
643 2303 721 2360 intus
744 2301 864 2360 clausus
887 2302 1035 2379 praecepit.
1080 2300 1138 2358 Ille

182 2403 253 2444 vero
276 2393 423 2462 gratanter
440 2386 599 2456 accedens,
624 2389 716 2466 primo
735 2395 818 2445 tactu
837 2389 913 2465 ejus,
933 2387 1010 2444 sicut
1029 2406 1138 2444 memo·

183 2489 250 2527 rans
262 2468 430 2549 frequenter
443 2490 510 2528 cum
528 2472 655 2531 lacrimis
674 2471 803 2531 indicare
821 2471 907 2540 solet,
922 2471 1008 2549 plene
1022 2490 1139 2529 omnem

142 2574 175 2618 25
188 2557 361 2634 gravitatem
374 2557 524 2634 languoris
534 2557 700 2617 deseruisse
710 2578 792 2624 enm;
816 2557 866 2637 qui
877 2557 957 2634 prius
968 2556 1139 2634 depressus,

183 2642 268 2720 quasi
284 2643 366 2701 morti
386 2641 535 2712 addictus,
554 2645 673 2702 sanitati
694 2663 727 2701 se
744 2645 811 2701 vitae
827 2642 973 2700 redditum
990 2661 1057 2699 esse
1072 2661 1139 2699 sen·

184 2730 270 2796 tiens,
286 2747 354 2786 cum
370 2729 525 2804 gratiarum
540 2731 655 2788 actione
670 2729 821 2788 Fratribus
836 2727 987 2786 indicavit.

226 2818 310 2886 542.
351 2813 519 2892 Postquam
547 2834 617 2892 ergo
644 2822 755 2873 sanctae
782 2814 929 2872 memoriae
957 2811 1138 2871 Cuthbertus

185 2899 355 2977 episcopus,
364 2908 484 2978 peracta
497 2901 712 2969 communione,
724 2900 846 2958 elevatis
858 2898 951 2957 oculis
963 2906 994 2956 et
1006 2898 1140 2957 manibus

141 3002 173 3046 a)
184 2984 223 3042 ad
244 2985 362 3053 coelum,
377 2984 585 3044 commendans
603 2985 731 3044 Domino
751 2986 875 3043 animam
894 3004 989 3054 suam,
1004 2985 1139 3042 emittens

185 3070 317 3147 spiritum
351 3091 436 3128 suurn
468 3070 633 3150 sedensque
660 3072 723 3130 sine
756 3072 864 3149 gemitu
893 3071 964 3128 abiit
991 3070 1020 3127 in
1049 3069 1138 3127 vitam

187 3155 330 3222 Patrum;
362 3175 381 3213 a
404 3157 610 3233 navigantibus
639 3157 678 3215 ad
705 3157 832 3216 insulam
860 3163 990 3214 nostram
1012 3154 1139 3225 delatus,

184 3249 249 3299 toto
271 3260 393 3319 corpore
415 3241 526 3311 lavato,
552 3242 650 3321 capite
678 3243 798 3301 sudario
820 3241 1012 3313 circumdato,
1033 3240 1140 3299 oblatis

186 3345 275 3404 super
299 3335 435 3385 sanctum
462 3336 567 3406 pectus
592 3328 707 3406 positis,
736 3328 912 3388 vestimenta
943 3325 1141 3385 sacerdotalia

142 3428 174 3474 ao
186 3410 318 3479 indutus,
336 3412 497 3470 inobviam
520 3411 629 3471 Christi
646 3413 856 3473 calceamentis
879 3412 940 3471 suis
958 3413 1141 3491 preparatis,

185 3499 214 3555 in
238 3496 361 3555 sindone
382 3509 481 3557 cerata
500 3506 630 3568 curatus,
650 3499 775 3557 animam
800 3499 912 3557 habens
933 3518 1000 3556 cum
1022 3497 1141 3556 Christo

188 3581 376 3660 gaudentem,
400 3600 507 3662 corpus
535 3584 762 3662 incorruptibile,
786 3585 976 3664 requiescens
1004 3591 1034 3642 et
1057 3584 1142 3662 quasi

186 3668 333 3726 dormiens
358 3668 385 3726 in
412 3669 547 3748 sepulcro
576 3669 704 3750 lapideo,
728 3670 936 3729 honorabiliter
960 3671 988 3727 in
1016 3669 1142 3727 basilica

187 3755 395 3832 deposuerunt.

232 3988 409 4062 ⁷Hcdpaald.]
452 3994 601 4042 Hadwuald
617 3991 649 4060 (l)
717 3990 737 4022 ²⁰
755 3987 897 4059 Pulltrtod.l
917 3989 1143 4050 ReadWalhstod,

188 4064 649 4125 SeeBeda'sVit.Pros.Cap.xxxv.
684 4064 747 4112 with
776 4063 860 4124 Beda,
890 4063 945 4111 Vn.
978 4060 1042 4110 Met.
1079 4061 1144 4121 Cap.

224 4132 241 4160 ¹¹
259 4132 362 4203 Igitur.]
398 4136 451 4184 Vit.
478 4135 552 4183 Proa.
585 4136 649 4196 Cap.
684 4147 799 4182 xxxrrrr.

190 4219 284 4254 xxxvi.
