2850 4890
55 516 89 566 A.
99 514 197 563 Mitt.

62 1893 193 1944 Descriptlon

60 1947 84 1984 of
93 1944 193 1984 Durlram.

225 345 291 408 302
598 357 811 404 nuruuurx.

229 501 376 583 usquead
391 502 550 561 maximum
566 501 627 562 ulla
640 501 816 562 infirmitatis
834 503 973 564 molestia
991 503 1188 584 affligebatur,

229 590 283 649 sed
297 590 359 649 sine
374 587 434 646 ullo
449 586 561 658 labore,
576 589 639 647 sine
653 587 714 647 ullu
723 588 922 660 incommodo,
933 591 1012 650 viam
1028 591 1188 670 gradiendo

229 674 419 754 peragebant.
469 672 540 732 Nec
568 674 664 733 solum
691 674 823 734 homines
852 675 907 734 sed
934 676 1025 734 etiam
1052 677 1190 736 animalia

229 772 329 819 tenera
343 768 479 837 etnuper
491 779 608 837 quoque
622 771 693 819 nata
707 779 780 819 sana
795 769 825 819 et
839 761 998 819 incolumia
1011 764 1076 821 sine
1091 763 1191 840 aliqua

229 843 402 905 difficultate
424 852 455 903 et
472 845 627 904 vexatione
645 854 708 904 toto
727 846 829 904 itinere
844 846 1061 922 gradiebantur.
1112 848 1190 907 Post
1210 864 1223 907 5

230 940 289 990 tres
309 940 407 989 autern
422 929 468 987 vel
488 939 614 1007 quatuor
627 949 744 989 menses
757 950 833 1009 pace
847 930 972 1001 reddita,
991 952 1062 991 cum
1081 953 1189 1011 corpus

231 1016 320 1095 patris
336 1014 373 1074 ad
386 1014 508 1093 priorem
525 1015 621 1074 locum
642 1023 830 1094 reportarent,
846 1019 949 1095 etjam
963 1017 1002 1076 ad
1017 1018 1189 1076 orientalem

232 1101 350 1180 plagam
371 1099 530 1158 Dunhelmi
548 1101 576 1159 in
595 1101 704 1168 locum,
722 1101 773 1180 qui
791 1101 955 1161 Werdelau
973 1102 1093 1172 dicitur,
1109 1105 1190 1163 veni·

231 1196 304 1254 rent,
326 1185 492 1244 vehiculum
515 1185 595 1244 nullo
614 1194 730 1264 poterat
747 1186 863 1264 ingenio
883 1189 1060 1266 promoveri.
1103 1187 1190 1248 Allo·

232 1292 325 1351 quens
336 1291 406 1348 ergo
417 1269 556 1349 populum
566 1271 725 1350 episcopus
737 1273 876 1351 praecepit
884 1292 986 1331 omnes
999 1293 1051 1352 per
1061 1273 1189 1332 triduum
1200 1289 1226 1333 ru

228 1357 354 1435 jejunio,
372 1356 479 1433 vigiliis
503 1376 538 1416 ac
558 1357 695 1435 precibus
714 1357 843 1417 coelestis
865 1359 1065 1417 ostensionem
1082 1359 1190 1437 judicii

232 1451 380 1521 expetere.
425 1441 496 1507 Quo
510 1441 602 1511 facto,
614 1442 774 1502 revelatum
789 1451 835 1502 est
848 1444 890 1501 eis
906 1444 979 1502 utin
991 1444 1191 1503 Dunhelmum

233 1526 306 1587 illud
334 1525 532 1597 transferrent,
561 1527 729 1606 ibidemque
755 1527 857 1587 sedem
883 1528 923 1587 ad
945 1528 1191 1606 requiescendum

233 1619 440 1691 praepararent.
489 1610 597 1691 Itaque
625 1612 663 1671 ad
683 1613 893 1690 ‘Dunhelmum
916 1634 1025 1693 corpus
1054 1622 1191 1673 sanctum

232 1698 410 1767 detulerunt,
431 1696 569 1775 laetaque
584 1698 725 1757 citissime
740 1699 778 1758 de
795 1699 885 1776 virgis
898 1699 1070 1771 ecclesiola,
1084 1700 1191 1760 ibidem
1201 1714 1228 1759 15

233 1782 307 1841 illud
321 1781 359 1841 ad
374 1791 488 1862 tempus
503 1781 648 1843 locarunt.

275 1873 287 1941 ξ
300 1874 350 1927 21.
374 1867 524 1927 Praefntus
540 1877 636 1927 autem
652 1869 774 1927 antistes
789 1887 856 1927 cum
870 1869 1060 1927 sanctissimo
1073 1889 1194 1949 corpore

236 1951 435 2010 Dunhelmum
449 1954 581 2020 veniens,
596 1951 695 2012 locum
713 1952 832 2031 quidem
849 1963 954 2012 natura
969 1955 1124 2024 munitum,
1142 1955 1194 2014 sed

235 2057 293 2096 nou
314 2037 402 2095 facile
423 2037 624 2107 habitabilem,
638 2040 757 2107 invenit,
774 2039 911 2117 quoniam
930 2037 1107 2099 densissima
1129 2061 1194 2099 eurn

235 2123 312 2181 silva
325 2132 417 2191 toturn
432 2124 610 2202 occupabat,
628 2125 656 2182 in
678 2123 776 2182 medio
795 2123 979 2182 nihilominus
995 2125 1118 2204 planitie
1136 2139 1231 2184 nonno

236 2206 339 2286 grandi
366 2208 539 2277 exsistente,
562 2228 651 2286 quarn
678 2209 789 2267 arando
812 2216 843 2267 et
866 2209 1036 2269 seminando
1060 2211 1196 2270 excolere

236 2301 460 2353 consueverant.
504 2293 579 2372 Ipsa
597 2295 683 2371 igitur
704 2294 780 2353 silva
800 2294 891 2352 totius
910 2295 1013 2373 populi
1031 2303 1062 2353 et
1081 2297 1197 2355 comitis

237 2378 545 2456 Nortanhymbrorum
556 2378 703 2438 Vcthredi
717 2378 827 2438 auxilio
841 2387 903 2438 tota
913 2380 1088 2459 exstirpata,
1098 2382 1197 2441 locum

236 2465 266 2522 in
286 2464 369 2524 brevi
395 2463 582 2523 habitabilem
606 2464 687 2533 fecit,
702 2473 732 2523 et
754 2463 914 2525 ecclesiam
932 2484 989 2524 non
1013 2486 1137 2543 parvam
1157 2466 1195 2526 de

237 2548 337 2629 lapide
358 2549 516 2608 inchoavit.
562 2548 680 2610 Interea
696 2558 831 2609 sanctum
848 2570 955 2628 corpus
970 2549 1008 2609 de
1026 2551 1079 2610 illa
1093 2553 1195 2629 virgea
1204 2569 1232 2613 tr

238 2634 398 2694 ecclesiola
424 2635 453 2692 in
483 2634 569 2693 aliam
598 2634 780 2703 translatum,
809 2655 876 2713 quae
905 2634 1015 2695 ‘Alba
1042 2635 1197 2697 Ecclesia'

238 2721 412 2790 vocabatur,
438 2720 529 2778 tribus
557 2720 598 2777 ibi
625 2721 720 2790 annis,
749 2719 820 2778 dum
849 2722 942 2797 major
968 2730 1197 2793 construeretur,

238 2807 392 2884 requievit.
427 2804 624 2864 Venerandus
639 2816 737 2864 autem
749 2806 870 2865 antistes
881 2805 1023 2865 Aldunus
1038 2807 1199 2867 ecclesiam

238 2892 335 2963 tertio,
358 2911 396 2950 ex
415 2910 475 2969 quo
498 2910 563 2950 earn
585 2890 760 2950 fundaverat
781 2911 869 2962 anno,
889 2891 982 2971 pridie
1003 2912 1098 2952 nonas
1122 2893 1196 2973 Sep-

283 3189 423 3253 ⁴Tenero.]
470 3191 542 3239 Here
572 3191 615 3239 the
643 3191 702 3240 MS.
737 3191 811 3239 stood
824 3205 894 3252 upon
912 3189 956 3238 the
972 3203 1042 3237 same
1056 3189 1131 3252 scite,
1145 3205 1198 3240 was

240 3261 304 3309 used
317 3262 351 3321 by
367 3261 409 3310 the
427 3261 589 3310 Bollandists
608 3276 703 3310 recum·
736 3262 847 3310 erected.
885 3258 1070 3308 Hotohinson's
1085 3260 1198 3310 Hirtii.

242 3330 359 3379 menced.
736 3335 794 3389 288,
807 3326 934 3379 Surtees's
948 3329 1018 3379 Hist.
1032 3331 1051 3378 i.
1065 3344 1093 3378 x,

283 3397 293 3426 ⁸
313 3398 461 3461 Werdeluu]
496 3399 570 3448 Some
585 3401 703 3462 specula·
770 3398 789 3430 ¹⁷
806 3394 952 3466 Proesutrrs]
971 3400 1073 3448 Simeon
1086 3398 1148 3449 hera
1161 3401 1200 3450 in·

242 3471 310 3518 tiens
322 3484 390 3531 upon
404 3469 447 3517 the
460 3470 523 3518 scite
534 3484 591 3530 may
603 3471 633 3518 be
643 3485 704 3518 seen
737 3470 858 3519 troduees
881 3485 897 3519 a
918 3483 1028 3530 passage
1051 3472 1200 3532 respecting

242 3541 268 3587 in
287 3537 471 3587 Hutchinson's
489 3538 615 3601 Dudum,
632 3539 650 3588 i,
663 3543 704 3601 79,
737 3541 832 3588 certain
842 3539 1009 3596 individuale,
1021 3540 1053 3599 by
1061 3539 1147 3588 whom
1156 3540 1199 3589 the

244 3610 294 3658 and
308 3610 337 3656 ii.
351 3612 375 3657 3.
737 3611 806 3669 body
814 3624 870 3658 was
879 3609 1071 3671 accompanied,
1083 3610 1121 3658 iii,
1133 3615 1157 3671 1,
1168 3614 1192 3661 2.

280 3677 299 3707 ¹²
314 3672 382 3745 Eia]
402 3678 704 3740 Cuidamreligioso,no-
773 3677 793 3708 ²²
813 3674 1008 3746 Consummavit]
1154 3681 1199 3729 ubi

244 3751 311 3799 ruine
332 3750 469 3809 Eadmero,
489 3749 631 3798 revelatum
659 3755 705 3799 est
738 3750 1081 3810 episcopusAldhunnsnon
1093 3765 1200 3809 parvam

245 3822 272 3868 S.
283 3821 404 3880 Dunelm‚
414 3820 452 3869 iii.
466 3823 490 3867 1.
739 3821 771 3868 de
780 3821 866 3880 lapide
875 3824 964 3879 postea
973 3819 1107 3867 ecclesiam
1117 3822 1202 3869 erexit

283 3887 301 3916 ¹⁵
318 3885 483 3955 Detulerunt]
504 3888 535 3935 In
547 3899 573 3937 Α.
587 3902 615 3938 n.
632 3892 689 3936 995.
741 3925 765 3938 ..
780 3926 786 3938 .
800 3892 854 3938 add.
868 3891 896 3937 S.
909 3890 1028 3950 Dunelm‚
1040 3890 1080 3938 iii.
1094 3893 1118 3938 2.

282 3956 300 3985 ¹⁵
317 3961 356 4007 De
378 3953 476 4024 virgin]
523 3959 577 4006 The
603 3963 707 4018 present
774 3959 793 3988 ²⁴
813 3954 901 4027 Fecit]
934 3960 1036 4008 Simeon
1054 3959 1115 4007 here
1135 3960 1202 4008 adds

245 4028 341 4077 churoh
359 4029 389 4077 of
403 4031 441 4078 St.
455 4029 648 4088 Mary-le-Bow
660 4028 707 4076 dc·
740 4030 796 4078 that
815 4030 858 4078 the
879 4029 952 4077 work
969 4044 1024 4076 was
1039 4030 1151 4077 assisted
1168 4031 1202 4090 by

246 4100 313 4146 rives
322 4099 355 4146 its
364 4113 437 4147 name
449 4098 512 4145 from
523 4098 565 4146 the
577 4098 707 4147 materiale
740 4099 782 4147 the
799 4100 884 4148 whole
910 4099 1061 4161 population
1086 4101 1202 4149 between

246 4167 275 4216 of
289 4167 374 4216 which
388 4171 422 4216 its
434 4168 610 4230 predecessor,
624 4167 706 4216 which
741 4169 783 4218 the
797 4171 877 4218 rivers
887 4171 988 4230 Coquet
1000 4170 1051 4218 and
1064 4169 1140 4220 Tees.
