2850 4890
351 383 402 430 nn
423 383 678 432 neonnncruu
694 381 949 430 nurrsrrrnu.
1064 359 1128 427 221

171 542 404 626 apostolorum
430 543 603 624 ceterique
628 541 780 606 fidelium
804 560 941 623 gregum
965 539 1070 604 duces
1092 539 1127 602 in

169 645 225 708 die
240 643 264 708 J
266 643 369 708 udicii
383 644 570 706 maximum
586 663 659 708 suae
674 643 859 725 pastoralis
876 661 967 706 curae
981 640 1126 705 fructum

172 745 310 809 Christo
322 745 520 824 obtulerint,
531 752 668 810 tuarum
684 746 802 828 aliqua
815 765 897 828 pars
908 743 1025 810 ovium
1040 743 1129 807 inter

171 845 294 910 boedos
309 846 352 910 ad
369 847 544 910 sinistram
556 846 580 911 J
582 847 692 911 udicis
704 847 845 924 secerni,
858 852 962 928 atque
977 845 1014 907 in
1030 850 1131 908 aeter-

141 967 250 1010 unum
275 968 352 1012 curn
376 948 615 1012 maledictione
633 955 806 1012 mereatur
831 947 879 1010 ire
900 946 1126 1028 supplicium3

170 1050 254 1131 quin
282 1051 397 1133 potius
426 1052 501 1133 ipse
531 1058 612 1114 tunc
641 1069 759 1114 eorum
790 1068 930 1112 numero
963 1048 1125 1112 merearis

172 1151 309 1228 ascribi,
324 1150 366 1215 de
387 1153 512 1235 quibus
528 1153 578 1216 ait
593 1151 729 1229 Esaiae,
744 1157 754 1187 ‘
770 1150 936 1215 Minimus
954 1150 1020 1213 erit
1039 1149 1129 1212 inter

171 1251 276 1331 mille,
290 1260 326 1317 et
339 1254 506 1335 parvulus
520 1255 608 1317 inter
625 1261 758 1336 gentem
775 1250 1018 1317 fortissimam!
1060 1250 1129 1314 Tui

170 1373 319 1436 namque
339 1362 391 1418 est
412 1354 512 1418 officii
534 1354 794 1438 diligentissime
817 1354 1022 1437 prospicere,
1043 1352 1128 1436 quid

128 1474 160 1518 ro
172 1456 207 1519 in
231 1456 376 1538 singulis
400 1457 620 1522 monasteriis
645 1464 715 1520 tuae
735 1455 909 1539 parochiae
929 1455 1025 1534 recti,
1041 1454 1128 1537 -quid

171 1559 323 1641 perversi
343 1567 499 1642 geratur3
522 1580 565 1624 ne
582 1560 637 1625 vel
658 1561 767 1624 abbas
787 1558 978 1640 regularum
997 1556 1127 1620 inscius

172 1666 234 1724 aut
250 1668 447 1739 contemtor,
461 1661 516 1726 vel
531 1661 709 1727 abbatissa
727 1661 840 1724 minus
860 1659 964 1741 digna
982 1657 1128 1721 famulo·

98 1821 102 1828 ,
171 1780 245 1824 rum
273 1760 520 1827 famularumve
552 1762 680 1826 Christi
712 1769 935 1845 praeponatur
964 1760 1127 1838 examini,

171 1883 234 1927 nec
256 1883 391 1927 rursum
413 1866 611 1948 praevisioni
635 1864 864 1947 spiritualium
890 1863 1126 1946 magistrorum

128 1984 159 2028 rs
172 1967 378 2030 contemtrix
398 1975 433 2031 et
451 1967 710 2050 indisciplinata
727 1967 977 2031 contumacium
993 1964 1127 2030 audito·

172 2086 247 2131 rum
275 2069 377 2132 turba
408 2069 570 2149 resultet3
607 2069 757 2132 maxime
785 2069 878 2151 quia,
907 2069 997 2132 sicut
1023 2067 1127 2150 vulgo

172 2169 289 2247 fertur,
299 2168 410 2233 dicere
420 2169 504 2233 estis
517 2169 625 2246 soliti,
634 2169 725 2251 quod
737 2189 805 2233 non
818 2170 860 2234 ad
873 2190 989 2252 regum
1000 2189 1128 2245 curam,

172 2289 242 2333 non
264 2269 308 2334 ad
330 2270 521 2352 aliquorum
545 2271 653 2334 seculi
678 2271 869 2354 principum
891 2290 1043 2349 causam,
1066 2271 1128 2335 sed

175 2372 219 2436 ad
235 2379 388 2435 vestrum
407 2373 643 2437 tantummodo
664 2373 855 2437 antistitum
870 2372 1128 2455 inquisitionem

128 2492 162 2536 no
175 2480 279 2555 atque
294 2492 451 2552 examen,
466 2474 546 2556 quid
561 2475 597 2537 in
612 2474 755 2556 singulis
766 2474 983 2538 monasteriis
996 2481 1128 2556 agatur,

173 2575 355 2657 pertineat,
366 2575 433 2639 nisi
446 2575 533 2639 forte
546 2576 581 2638 in
596 2575 813 2639 monasteriis
827 2576 970 2658 quilibet
983 2576 1018 2638 in
1032 2576 1129 2658 ipsos

174 2678 347 2761 principes
375 2696 539 2761 peccasse
568 2680 815 2761 comprobetur.
870 2677 948 2754 Tui,
977 2678 1129 2760 inquam,

175 2785 229 2843 est
252 2778 354 2842 officii
371 2799 565 2863 procurare,
586 2800 630 2844 ne
649 2782 685 2844 in
709 2780 795 2844 locis
822 2780 897 2844 Deo
921 2781 1130 2845 consecratis

176 2881 345 2945 Diabolus
370 2883 436 2946 sibi
457 2902 597 2964 regnum
622 2890 776 2966 usurpet,
798 2902 841 2947 ne
866 2902 929 2966 pro
951 2902 1039 2966 pace
1061 2882 1131 2946 dis-

131 3002 164 3047 as
177 2983 303 3062 cordia,
318 2983 527 3067 propietate
542 2983 667 3068 jurgia,
681 3003 743 3068 pro
764 2984 951 3049 sobrietate
971 2985 1131 3060 ebriatae,

174 3103 236 3167 pro
259 3084 424 3149 charitate
450 3093 486 3149 et
510 3085 673 3150 castitate
694 3085 938 3150 fornicationes
964 3092 1000 3149 et
1021 3085 1131 3149 bomi-

177 3187 279 3265 cidia,
300 3187 366 3251 sibi
385 3188 500 3251 sedem
518 3188 722 3268 vendicent3
750 3207 813 3251 nec
834 3187 926 3269 apud
946 3194 980 3252 te
1001 3187 1132 3250 inveni·

177 3297 277 3355 antur
289 3289 410 3373 aliqui,
422 3289 464 3353 de
476 3290 602 3372 quibus
614 3290 735 3353 merito
747 3294 924 3373 quaeratur
935 3308 976 3353 ac
987 3288 1131 3367 dicatur,

176 3391 260 3456 Vidi
275 3391 400 3474 impios
416 3391 580 3473 sepultos,
596 3391 655 3474 qui
676 3410 754 3455 cum
771 3390 981 3470 adviverent,
998 3391 1034 3454 in
1053 3391 1131 3455 loco

130 3500 299 3557 aosancto
328 3500 438 3570 erant,
467 3500 501 3556 ct
525 3493 759 3562 ,laudabantur
786 3494 824 3556 in
849 3493 1001 3573 civitate,
1031 3493 1131 3578 quasi

171 3594 342 3678 justorum
358 3593 519 3676 operum!

222 3696 240 3779 ς
254 3696 306 3760 15.
329 3695 456 3760 Eorum
472 3715 619 3780 quoque,
634 3696 743 3781 quiin
757 3697 917 3780 populari
933 3695 1046 3761 adhuc
1060 3696 1133 3761 vita
1151 3717 1192 3756 ana
1202 3715 1236 3756 na
1246 3715 1307 3765 tany.

159 3798 404 3884 continentur,
419 3798 590 3862 solicitam
605 3810 640 3862 te
655 3818 797 3865 neccsse
811 3807 866 3863 est
879 3818 995 3862 curam
1009 3817 1134 3880 gerere,

180 3987 344 3994 .----

225 4110 235 4142 ⁷
252 4107 392 4180 Minima]
425 4113 488 4163 lsai.
503 4113 540 4163 lx.
550 4116 593 4164 22.
717 4109 737 4140 ²⁰
759 4106 838 4180 Vtut]
858 4111 959 4162 Eccles.
971 4111 1025 4160 viii.
1040 4114 1081 4164 10.
