2850 4890
258 356 323 420 270
634 368 845 416 urenuoix.

259 516 448 574 sanctimonia
473 513 574 584 vidua,
599 534 665 593 quae
688 514 828 575 enutrivit
846 533 913 573 eunt
935 513 980 572 ab.
992 521 1064 573 octo
1082 517 1221 574 annorum

260 621 354 679 usque
368 601 406 659 od
421 600 583 680 perfectam
597 608 726 670 nutem,
738 599 768 659 in
782 619 843 679 qua
856 599 1009 660 servitium
1020 599 1082 659 Dei
1091 600 1219 679 arripnit.

259 685 336 745 Ideo
351 706 478 766 namque
494 706 561 746 eam
578 685 705 746 Matrem
722 685 895 767 appellavit,
910 705 991 765 saepc
1005 685 1132 747 visitans
1145 705 1219 746 eam.

258 770 351 830 Venit
379 771 508 851 quadam
535 771 585 831 die
613 771 652 831 ad
680 772 792 841 villam,
820 771 849 831 in
876 791 937 852 qua
962 771 1218 852 habitabatque

256 856 364 916 dicitur
379 857 616 936 Hruringnham3
638 866 710 918 tuuc
720 857 842 917 ardente
853 855 954 928 domo,
964 877 1033 936 quoe
1046 859 1076 917 in
1091 866 1221 918 extrema
1241 875 1253 917 t

256 951 340 1021 parte
363 944 422 1003 vici
445 943 484 1002 ad
513 945 653 1003 orientem
681 943 781 1022 posita
804 943 982 1013 videbator,
996 951 1028 1003 et
1051 942 1092 1003 de
1113 943 1217 1003 eodem

256 1028 374 1089 climate
391 1028 481 1089 flante
496 1030 625 1089 maximo
638 1037 739 1099 vento,
753 1029 829 1108 ignis
847 1029 998 1088 excitatus
1014 1037 1073 1090 est.
1118 1029 1216 1089 Mater

257 1134 326 1174 vero
353 1115 464 1194 pavida
487 1114 527 1174 ad
555 1114 686 1185 domum,
715 1115 766 1174 ubi
790 1116 939 1183 manebat,
962 1115 1105 1185 cucurrit,
1127 1122 1160 1175 et
1184 1123 1217 1174 nt

255 1200 399 1259 auxilium
414 1200 473 1260 Dei
486 1208 585 1279 petere
599 1200 734 1278 dignetur
750 1220 768 1260 a
783 1200 881 1279 globis
899 1200 994 1278 igneis
1009 1199 1215 1261 circumdanti-

255 1286 310 1345 bus
326 1285 498 1345 habitacula
509 1305 609 1345 eorum
621 1285 731 1346 servari
742 1287 888 1366 poposcit.
926 1285 984 1344 Illa
992 1287 1060 1364 jam
1073 1286 1216 1366 intrepida
1225 1301 1251 1347 lo

253 1383 351 1431 mente
373 1373 562 1431 stabilitatem
586 1373 741 1441 intimavit,
764 1371 878 1442 dicens,
901 1369 1003 1430 ‘Noli
1019 1370 1134 1444 timere,
1151 1372 1215 1432 baec

253 1458 329 1516 enim
344 1456 463 1518 flamma
475 1458 528 1516 tibi
546 1477 603 1516 non
619 1457 735 1516 nocetl’
777 1458 818 1518 Et
834 1455 990 1538 procidens
1008 1465 1078 1517 ante
1092 1460 1214 1538 januam

252 1563 362 1622 pronus
377 1545 405 1602 in
420 1551 526 1602 terram
541 1544 636 1603 oravit
649 1543 678 1603 io
694 1543 821 1613 silentio,
835 1551 867 1603 et
885 1543 985 1602 statim
1003 1543 1093 1603 θύω
1111 1542 1214 1624 depre-

252 1636 339 1688 cante
360 1649 408 1697 eo,
426 1637 532 1688 ventus
555 1630 658 1707 ingens
675 1629 789 1688 exstitit
803 1630 842 1688 ab
862 1626 1031 1699 occidente,
1049 1636 1083 1688 ot
1097 1649 1212 1690 ornnem

252 1714 480 1793 magnitudinem
507 1713 631 1774 flammae
667 1715 706 1773 ab
737 1715 874 1774 omnibus
899 1715 1073 1774 innocenter
1101 1715 1209 1794 abegit
1220 1730 1246 1776 lt

254 1799 294 1859 Et
308 1802 353 1860 sic
368 1800 518 1859 evidenter
532 1801 560 1858 in
576 1820 609 1860 se
621 1821 689 1860 esse
705 1799 764 1859 Dei
779 1801 916 1861 virtutem
929 1798 1077 1871 videntes,
1096 1810 1212 1880 protec-

252 1887 330 1945 tione
345 1888 410 1964 ejus
425 1886 535 1945 innoxii
551 1887 659 1947 serrati
674 1894 758 1954 sunt3
782 1887 893 1964 gratias
915 1894 1038 1964 agentes
1054 1886 1212 1948 benedixe-

251 1980 318 2031 runt
331 1970 501 2031 Dominum.

291 2062 304 2130 §
317 2062 366 2116 21.
390 2056 460 2116 Fuit
469 2055 589 2136 quidam
599 2057 644 2116 vir
653 2056 807 2134 religiosos
823 2055 989 2134 specialiter
1003 2075 1092 2116 carus
1103 2057 1211 2118 bomini

90 2138 140 2167 ⁰⁹¹·
252 2140 322 2211 Dei,
337 2145 453 2201 nomine
477 2142 628 2212 Hildmer,
645 2144 730 2221 cujus
752 2161 828 2201 uxor
847 2161 867 2200 a
882 2140 1029 2202 daemonio
1046 2144 1246 2205 vexabaturto

251 2227 347 2289 nimis.
393 2228 452 2287 Illa
466 2247 592 2307 namque
610 2229 733 2287 multum
751 2235 871 2288 vastata
887 2237 919 2286 et
936 2248 1031 2308 usque
1044 2227 1086 2288 ad
1099 2231 1209 2290 exitum

250 2315 351 2373 mortis
366 2321 573 2393 coangustata,
586 2312 724 2374 frendens
738 2312 876 2373 dentibus
891 2314 1030 2392 gemitum
1043 2314 1209 2377 lacrimabi-

250 2399 307 2459 lem
335 2400 497 2460 emittebat.
540 2399 734 2480 Supradictus
761 2419 832 2459 vero
859 2399 903 2458 vir
926 2398 965 2459 de
992 2419 1095 2460 amara
1118 2410 1209 2462 morte

250 2485 319 2544 nihil
330 2485 471 2545 dubitans
485 2484 524 2545 ad
538 2486 748 2546 monasterium
758 2494 890 2545 nostrum
901 2483 1106 2564 proficiscens,
1120 2507 1210 2548 voca-

249 2571 293 2630 rit
319 2571 358 2630 ad
387 2591 419 2630 se
449 2570 482 2631 S.
503 2570 710 2641 cuthbertum,
737 2590 805 2630 nam
834 2570 885 2629 illo
913 2579 1046 2650 tempore
1072 2572 1245 2635 ecclesiam

249 2665 357 2716 nostrae
371 2656 558 2738 Praepositus
572 2667 646 2728 erat,
660 2665 691 2716 et
704 2656 837 2715 indicans
852 2655 880 2715 ei
894 2676 1016 2716 uxorem
1030 2677 1115 2718 suam
1134 2678 1209 2738 pene

250 2763 345 2822 usque
373 2742 412 2801 ad
440 2750 562 2802 mortem
595 2742 800 2812 infirmantem,
829 2740 909 2820 quod
936 2743 1093 2804 calamitas
1127 2754 1209 2804 asset

248 2828 370 2888 insaniae
387 2849 444 2887 non
464 2827 718 2907 revelavit-jam
736 2829 813 2886 enim
829 2827 1025 2888 erubescebat
1038 2829 1120 2889 illam
1137 2831 1208 2890 olim

248 2915 415 2993 religiosam
430 2922 529 2973 tamen
546 2935 565 2972 a
582 2912 728 2974 daemonio
743 2920 881 2972 vexatam
898 2913 1039 2984 indicare,
1054 2916 1209 2975 nesciebat

247 3000 325 3060 enim
339 3020 395 3062 nec
408 3000 592 3078 intelligebat
604 3000 685 3080 quod
699 2999 767 3058 talis
780 2999 903 3059 tentatio
916 2998 1093 3078 fraequenter
1107 3000 1208 3062 Chris·
1218 3015 1245 3061 to

247 3086 335 3146 tinnis
354 3085 489 3147 accidere
506 3085 633 3156 solet-,
652 3084 707 3145 sed
725 3091 837 3144 tantum
855 3085 1059 3164 presbyterum
1077 3086 1206 3166 aliquem

248 3191 350 3231 secum
369 3173 483 3231 mittere
500 3180 530 3231 et
547 3173 677 3250 requiem
692 3170 850 3251 sepulturae
863 3169 1056 3251 deposcebat.
1100 3171 1206 3233 Statim

247 3265 345 3316 autern
368 3257 455 3316 homo
477 3258 536 3316 Dei
555 3258 628 3317 exiit
645 3276 808 3338 praeparare
826 3256 954 3335 aliquem
972 3255 1010 3316 ad
1031 3257 1205 3318 mittendum

247 3360 317 3400 cum
340 3342 408 3410 i110;
433 3351 463 3401 et
486 3344 577 3423 primo
598 3363 718 3403 recessu
741 3343 806 3421 ejus
826 3363 844 3401 a
863 3342 972 3421 Spiritu
993 3342 1052 3402 Dei
1072 3343 1205 3406 imbutus

246 3427 306 3486 cito
328 3447 489 3487 conversus
509 3449 651 3488 revocans
668 3448 734 3488 eum
756 3429 841 3498 dixit,
858 3435 866 3461 ‘
883 3427 955 3487 Hoc
977 3428 1089 3507 quippe
1106 3431 1205 3491 minis·
1216 3447 1242 3491 tt

245 3513 348 3572 terium
363 3533 460 3572 meum
475 3522 531 3583 cst,
547 3522 578 3573 et
592 3535 647 3573 nou
663 3514 782 3573 alterius
796 3522 894 3573 tecum
907 3513 1050 3593 pergere!

287 3604 364 3672 §22
384 3599 469 3658 Tunc
494 3621 563 3660 vero
587 3600 762 3680 praeparavit
786 3620 818 3658 se
839 3601 927 3659 homo
952 3599 1023 3670 Dei,
1045 3608 1076 3659 et
1102 3620 1204 3661 omnes

286 3853 296 3882 ³
314 3852 517 3924 Hruringoltnm]
573 3858 706 3917 Probably
774 3854 794 3884 ⁹⁰
811 3850 943 3924 Hildmer,]
964 3856 1039 3904 Beda
1053 3857 1159 3906 informs
1172 3875 1202 3906 us

243 3926 449 3989 ‘Wraogholm‚’
462 3926 567 3976 Bleau's
580 3929 587 3955 ‘
598 3929 705 3987 Wrang·
739 3927 794 3975 tbat
804 3926 855 3975 this
868 3926 1011 3975 individua]
1020 3941 1076 3975 was
1086 3927 1130 3977 the
1138 3930 1202 3977 Pre-

244 4011 321 4056 umm,
333 3999 449 4047 between
460 3998 503 4047 the
513 3999 593 4046 rivers
605 3998 706 4046 Leader
738 3997 789 4045 feet
797 3997 826 4046 of
834 3998 940 4059 Eogsrid
951 3997 1013 4057 king
1021 3997 1051 4045 of
1061 3999 1201 4047 Nerthum-

243 4066 293 4114 and
306 4067 411 4117 Tweed.
737 4068 803 4117 bria.
820 4068 882 4117 This
892 4070 1098 4117 eventoccurred
1106 4070 1201 4131 during

279 4133 298 4162 ¹⁹
315 4137 373 4185 Fuit
393 4132 510 4205 qnidam]
558 4137 613 4185 vit.
638 4138 703 4187 Met.
737 4138 780 4187 tlre
794 4138 855 4187 time
864 4139 919 4188 that
929 4138 1117 4188 Cnthbertwas
1128 4141 1199 4189 Prae-

243 4206 307 4267 Cap.
322 4219 388 4267 xu1;
407 4209 460 4255 Vit.
473 4208 549 4256 Pros.
563 4209 626 4269 Cap.
640 4221 685 4257 xv.
737 4208 818 4258 lectus
830 4209 859 4257 of
870 4209 1039 4258 Lindisiarne.
