2850 4890
356 375 537 425 rucronn
554 376 643 426 vsu.
662 376 774 425 nanu.
1024 359 1089 426 107

128 529 327 611 Dominum,
341 532 539 615 gratiasque
557 532 696 598 referret
709 534 753 612 ei,
768 533 828 616 qui
846 532 935 599 tales
954 540 1087 598 tantos·
1103 543 1138 594 Α.
1148 543 1182 594 D.
1191 545 1250 594 oso.

128 652 197 716 que
212 634 366 717 hospites
381 634 425 699 ad
440 654 479 700 se
493 634 704 701 visitandam
715 634 970 718 curandamque
981 633 1088 699 desti·

128 754 212 800 nare
241 735 401 818 dignatus
429 743 494 801 est.
544 735 620 801 Nec
647 755 754 814 mora,
782 755 972 819 exsurgens
1000 736 1088 819 ipsis

128 855 203 900 suae
224 837 384 902 sanitatis
403 837 567 901 ministris
587 837 813 902 ministerium
828 857 916 902 sana
930 839 1088 920 praebuit,

98 937 338 1020 spulcbroque
367 938 567 1021 spectaculo
591 937 671 1021 ipsa
695 939 806 1021 prima
831 939 874 1003 de
899 945 974 1004 tota
999 939 1089 1004 tanti

127 1039 194 1103 viri
223 1037 354 1104 familia
381 1038 545 1122 episcopo
573 1047 695 1122 potum
724 1038 921 1105 refectionis
953 1041 1089 1118 obtulit,

127 1159 207 1222 quae
235 1157 298 1221 per
323 1139 433 1222 ipsius
466 1140 740 1205 benedictionem
772 1141 935 1224 poculum
967 1143 1087 1206 mortis

128 1240 264 1321 evasit3
295 1249 417 1307 secuta
441 1243 638 1325 exemplum
658 1261 778 1307 socrus
805 1243 956 1326 apostoli
982 1241 1088 1321 Petri,

126 1362 206 1425 quae
237 1351 358 1407 curata
386 1364 408 1408 a
432 1343 585 1407 febribus
613 1363 674 1426 per
702 1343 898 1421 Dominum,
925 1345 1088 1409 continuo

84 1462 116 1507 ro
128 1462 274 1526 surgens
289 1444 509 1510 ministrabat
523 1445 573 1510 illi
589 1452 625 1509 et
638 1445 820 1528 discipulis
836 1445 922 1530 ejus.

449 1781 610 1847 carun
633 1753 767 1846 xxx.

133 1950 295 2050 Quomodo
305 1952 442 2036 puellum
457 1953 522 2017 oleo
531 1965 716 2040 pmooctum
730 1977 751 2016 a
766 1953 870 2018 dolore
881 1952 997 2039 capitis
1009 1951 1088 2016 late-

468 2059 572 2144 risque
586 2057 753 2121 curaverit.

131 2257 150 2341 ᾖ
165 2258 218 2322 50.
243 2258 383 2336 NnQun
398 2259 478 2324 buic
495 2259 660 2324 dissimile
674 2259 835 2324 sanitatis
850 2258 1050 2322 miraculum
1065 2277 1087 2321 a
1103 2277 1253 2320 anonumum

88 2377 119 2422 15
131 2361 317 2426 venerabili
343 2361 498 2425 antistite
525 2360 718 2425 Cudbercto
740 2362 881 2438 factum,
904 2358 1004 2423 multi
1027 2358 1086 2441 qui
1102 2332 1189 2420 ιῖἷῙιῗΜ
1202 2332 1228 2380 ”

130 2469 319 2544 praesentes
333 2461 427 2527 fuere
442 2463 560 2528 testati
575 2471 656 2527 suut
669 2483 678 2545 3
700 2483 719 2527 e
734 2465 859 2546 quibus
879 2470 935 2527 est
954 2461 1088 2543 religio·

131 2581 192 2626 sus
218 2564 395 2646 presbyter
420 2563 597 2629 AEdiluald
623 2572 706 2628 tunc
733 2564 889 2629 minister
916 2564 979 2628 viri
1010 2562 1088 2639 Dei,

130 2684 222 2728 nunc
246 2673 362 2729 autem
388 2667 496 2730 abbas
524 2666 673 2730 coenobii
702 2664 951 2730 Mailrosensis.
996 2663 1087 2727 Dum

131 2767 223 2831 enim
251 2785 344 2831 more
373 2786 437 2831 suo
466 2769 689 2851 pertransiret
716 2769 894 2833 universos
922 2766 1088 2844 docenda

89 2868 270 2933 andevenit
289 2869 325 2932 in
346 2870 460 2934 vicum
480 2869 664 2952 quendam,
682 2869 719 2933 in
740 2888 809 2952 quo
831 2875 929 2932 erant
949 2867 1086 2932 feminae

131 2971 412 3035 sanctimoniales
424 2989 493 3045 non
507 2972 637 3049 multae,
647 2971 773 3055 quibus
785 2970 906 3034 timore
917 2968 1088 3034 barbarici
1195 3027 1197 3033 ,

132 3071 304 3137 exercitus
328 3092 351 3137 a
371 3072 579 3136 monasterio
600 3091 664 3136 suo
686 3071 849 3154 profugis,
867 3071 994 3135 ibidem
1014 3089 1088 3135 ma-

131 3174 235 3238 nendi
261 3173 376 3238 sedem
402 3175 455 3240 vir
481 3173 622 3238 Domini
645 3175 750 3256 paulo
778 3183 859 3239 ante
887 3174 1086 3239 donaverat.

133 3274 289 3355 Quarum
302 3294 382 3353 una,
396 3295 475 3358 quae
490 3282 567 3339 erat
580 3283 728 3358 cognata
742 3274 879 3359 praefati
899 3276 1087 3341 sacerdotis

90 3396 120 3442 25
133 3377 357 3455 AEdiluualdi,
387 3377 589 3460 gravissimo
626 3380 805 3443 tenebatur
837 3378 998 3460 languore
1029 3377 1087 3442 de·

132 3498 272 3562 pressa3
294 3498 356 3562 per
374 3479 543 3562 integrum
563 3499 710 3562 namque
734 3500 860 3544 annum
881 3478 1088 3544 intolerabili

133 3581 259 3663 capitis
288 3587 323 3644 et
349 3580 457 3644 totius
487 3580 606 3645 lateris
635 3581 776 3645 alterius
805 3582 920 3646 dolore
947 3589 1088 3657 vexata,

132 3681 286 3746 funditus
307 3701 330 3746 a
351 3682 492 3747 medicis
516 3691 593 3748 erat
616 3683 808 3766 desperata.
851 3682 1088 3746 Indicantibus

145 3958 187 4005 ,¹¹
205 3959 411 4023 CAPUTXXX]
444 3959 596 4010 viennen.
631 3964 678 4023 123
699 3962 749 4010 aud
771 3961 961 4012 ustassai
986 3965 1018 4011 la
1041 3958 1091 4010 Fe-

135 4031 349 4164 {agasonem}
386 4102 434 4152 See
457 4101 494 4152 H.
516 4102 547 4152 E.
572 4116 597 4152 v.
630 4032 717 4083 hrum.
