2850 4890
255 365 299 428 94
539 380 628 426 viru
647 378 677 425 s.
695 376 928 436 cununncrr,

82 547 226 599 musto.
256 539 383 606 Christi
403 538 540 616 AElfled‚
559 559 637 621 quae
661 538 752 602 inter
770 537 895 619 gaudia
914 535 1123 618 virginitatis
1142 553 1215 596 non

255 641 377 724 paucis
412 640 616 704 famularum
655 640 781 704 Christi
817 638 1008 719 agminibus
1046 643 1215 699 maternae

255 742 395 824 pietatis
425 761 541 805 curam
573 740 769 817 adhibebat,
798 758 839 804 ac
872 738 996 821 regalis
1030 741 1214 800 stemmata
1268 751 1272 758 ’

254 843 445 906 nobilitatis
460 844 583 925 potiori
600 842 779 907 nobilitate
795 860 936 905 summae
951 838 1091 904 virtutis
1111 854 1215 899 accu-

256 943 419 1020 mulabat,
433 944 541 1027 multo
552 944 659 1008 virum
673 943 739 1006 Dei
751 961 884 1024 semper
895 938 1078 1004 excolebat
1090 954 1215 1001 amore.
1242 954 1256 996 5

258 1043 346 1106 Haec
361 1063 402 1107 eo
418 1051 580 1125 tempore,
595 1045 687 1107 sicut
705 1044 783 1124 ipsa
798 1050 921 1124 postea
936 1038 1213 1105 reverentissimo

257 1144 545 1209 Lindissarnensis
565 1145 721 1209 ecclesiae
742 1145 940 1228 presbytero
961 1138 1155 1216 Herefrido,
1177 1146 1213 1202 et

256 1246 313 1309 ille
328 1245 409 1308 mihi
428 1246 604 1323 referebat,
620 1247 713 1328 gravi
731 1265 896 1328 percussa
910 1245 1073 1324 languore
1093 1261 1133 1304 ac
1154 1241 1214 1303 diu

257 1355 397 1422 vexata,
425 1366 523 1428 paene
551 1348 628 1412 uisa
658 1353 711 1410 est
745 1347 943 1428 pervenisse
976 1344 1020 1407 ad
1056 1349 1211 1405 mortem.

257 1446 322 1510 Cui
338 1467 415 1510 cum
429 1447 477 1510 nil
493 1448 680 1513 curationis
696 1447 886 1512 valuissent
906 1443 1064 1508 adhibere
1078 1441 1255 1518 medici,1o

257 1549 371 1611 subito
387 1547 504 1613 diviua
519 1549 723 1611 intrinsecus
745 1548 854 1628 gratia
874 1552 1025 1622 curante,
1044 1543 1214 1625 paulatim

256 1650 355 1712 morti
368 1651 543 1713 subtracta
555 1658 619 1726 est,
629 1669 692 1712 nec
705 1657 819 1713 tamen
831 1648 930 1729 plene
944 1653 1079 1710 sanata.
1119 1643 1213 1707 Nam

256 1750 352 1813 dolor
366 1750 503 1832 quidem
522 1753 773 1814 interaneorum
795 1749 974 1824 abscessit,
988 1748 1213 1809 membrorum

255 1852 350 1932 vigor
381 1850 492 1928 rediit,
520 1851 580 1915 sed
610 1851 759 1916 facultas
788 1849 904 1914 standi
929 1850 985 1915 vel
1015 1847 1212 1912 ambulandi

256 1969 395 2032 prorsus
426 1951 554 2031 abfuit3
577 1953 661 2035 quia
689 1972 752 2016 nec
779 1951 821 2015 ad
846 1951 1006 2014 standum
1027 1949 1120 2031 erigi,
1148 1967 1212 2010 nec
1224 1964 1254 2009 15

256 2050 322 2112 nisi
337 2050 533 2133 quadrupes
549 2052 688 2116 valebat
701 2053 843 2133 ingredi.
878 2051 994 2134 Coepit
1009 2069 1088 2132 ergo
1104 2048 1212 2112 tristis

257 2157 419 2214 aeternam
433 2153 551 2216 timere
565 2154 786 2232 debilitatem,
801 2173 881 2217 nam
897 2160 931 2217 et
948 2153 990 2215 de
1004 2152 1213 2215 medicorum

257 2251 388 2314 auxilio
407 2253 481 2335 Jam
505 2248 634 2334 pridem
654 2254 764 2318 suerat
783 2254 877 2317 sacta
897 2253 1101 2335 desperatio.
1147 2250 1214 2313 Cui

256 2371 334 2414 oum
349 2351 404 2414 die
417 2354 566 2434 quadarn
585 2355 675 2418 inter
695 2356 872 2436 angustias
892 2351 1213 2433 tristiumcogitati-

256 2472 360 2515 onum
380 2454 510 2518 veniret
528 2456 564 2518 in
584 2465 731 2521 mentem
748 2458 852 2521 beata
877 2463 912 2520 et
930 2455 1049 2538 quieta
1074 2471 1255 2518 conver-no

257 2554 348 2617 satio
372 2556 636 2619 reverentissimi
663 2557 773 2638 patris
804 2557 998 2633 cudbercti,
1024 2553 1214 2631 ‘Utinam,‘

256 2655 379 2737 inquit,
399 2655 581 2720 ‘haberem
601 2657 733 2740 aliquid
753 2657 795 2719 de
816 2659 917 2721 rebus
933 2655 1118 2720 Cudbercti
1136 2656 1215 2733 mei,

259 2757 331 2818 scio
347 2766 438 2821 certe
454 2765 488 2821 et
504 2759 637 2821 confido
657 2759 692 2821 in
713 2758 860 2820 Domino
875 2759 957 2840 quia
971 2759 1040 2821 cito
1055 2752 1215 2820 sanarer?

257 2855 307 2919 At
333 2877 401 2920 non
424 2858 532 2922 multo
555 2867 636 2941 post
658 2859 798 2923 advenit
817 2859 878 2942 qui
899 2859 932 2922 ei
950 2878 1069 2921 zonam
1088 2858 1215 2921 lineam

259 2959 303 3020 ab
328 2977 369 3020 eo
398 2959 539 3022 missam
562 2960 724 3040 deferret3
747 2981 826 3043 quae
854 2960 998 3035 multum
1026 2961 1148 3042 gavisa
1171 2960 1213 3022 de
1226 2978 1256 3021 25

258 3078 407 3136 munere,
423 3066 457 3122 et
473 3059 677 3124 desiderium
693 3081 791 3124 suum
806 3061 880 3125 viro
895 3070 1016 3126 sancto
1026 3061 1100 3145 jam
1121 3062 1217 3124 coeli-

259 3168 315 3225 tus
339 3158 550 3241 patefactum
584 3161 788 3243 intelligens
823 3163 995 3226 succinxit
1022 3161 1157 3239 scilla,
1183 3169 1218 3225 et

260 3280 359 3325 mane
387 3279 468 3323 mox
498 3269 613 3326 erecta
643 3261 687 3324 ad
716 3262 887 3340 standum,
917 3264 1020 3327 tertia
1045 3282 1127 3326 vero
1160 3263 1215 3327 die

258 3365 357 3447 plene
371 3371 425 3427 est
439 3363 572 3426 reddita
588 3363 741 3428 sanitati.

303 3465 388 3549 539.
413 3464 501 3527 Post
526 3465 598 3527 dies
625 3471 739 3527 autem
762 3485 893 3547 paucos
921 3465 1027 3547 coepit
1050 3473 1214 3547 aegrotare
1227 3483 1257 3527 so

260 3567 416 3653 quaedam
447 3565 489 3628 de
522 3565 709 3646 virginibus
733 3567 931 3630 monasterii
959 3567 1068 3648 ipsius
1098 3565 1214 3630 dolore

260 3669 383 3755 capitis
420 3665 635 3730 intolerabili.
703 3663 791 3743 Quae
832 3687 918 3743 cum,
956 3669 1214 3748 ingravescente

261 3760 387 3849 morbo,
407 3786 467 3853 per
486 3767 559 3830 dies
580 3765 750 3829 videretur
772 3787 848 3831 esse
872 3768 1045 3844 moritura,
1068 3767 1214 3832 intravit

328 4098 334 4128 ι
354 4086 464 4162 AEpaa]
482 4092 530 4141 see
544 4088 580 4138 11.
593 4089 624 4137 s.
638 4086 675 4135 111.
687 4090 728 4135 11.
854 4084 1033 4157 1111111111]
1051 4090 1101 4138 see
1114 4071 1165 4154 tl·
