2850 4890
267 353 332 418 128
552 369 644 417 vrrs
662 369 691 417 s.
708 369 941 434 connuncrr,

97 535 243 584 most.
267 526 467 609 patientem,
496 523 621 590 infudit
650 527 684 589 iu
715 545 773 590 ore
803 528 890 611 ejus,
921 546 990 610 quo
1025 525 1228 590 horribiliter

267 626 384 691 hiante
409 646 512 690 voces
536 626 628 691 diras
648 647 689 691 ac
713 627 843 692 flebiles
868 627 1059 693 emittebat.
1104 627 1228 692 Statim

269 735 384 792 autem
398 735 437 792 ut
451 728 566 810 attigit
581 747 706 812 aquam
721 729 890 793 continuit
908 729 1086 806 clamores,
1105 727 1230 793 clausit

267 848 317 907 os,
343 828 470 893 clausit
494 836 530 893 et
557 830 676 894 oculos
703 831 762 913 qui
788 829 968 912 sanguinei
993 837 1029 894 et
1056 828 1229 894 furibundi

267 931 445 1013 patebant,
463 937 569 1012 caput
592 938 627 993 et
650 949 774 1013 corpus
793 937 903 994 totum
924 929 1110 994 reclinavit
1126 930 1162 992 in
1180 948 1229 992 re·
1253 947 1265 991 ⁵

266 1032 390 1115 quiem.
437 1030 508 1110 Qui
524 1032 627 1095 etiam
642 1031 781 1112 placido
802 1049 926 1113 sopore
944 1037 1082 1094 noctem
1098 1038 1229 1094 transe-

268 1134 328 1216 git,
343 1142 378 1199 et
392 1153 491 1198 mane
503 1134 545 1197 de
558 1152 677 1196 somno
690 1131 792 1195 simul
807 1139 843 1196 et
856 1132 998 1196 vesania
1010 1150 1228 1212 consurgene,

267 1235 447 1300 liberatum
471 1254 509 1299 se
534 1254 556 1298 a
582 1235 763 1312 daemonio,
788 1254 858 1317 quo
882 1234 1110 1317 premebatur,
1135 1233 1228 1296 beati

268 1336 450 1402 cudbercti
469 1336 598 1400 meritis
624 1342 658 1400 et
679 1336 924 1400 intercessione
945 1335 1118 1417 cognovit.
1161 1333 1227 1397 Mi-

266 1438 410 1502 randum
426 1445 461 1502 et
475 1438 575 1502 bonis
587 1438 744 1502 omnibus
760 1437 963 1502 delectabile
979 1435 1229 1520 spectaculum,
1240 1453 1268 1498 1o

267 1559 345 1604 cnm
359 1539 494 1604 videres
510 1537 615 1601 filium
630 1557 707 1601 cum
720 1545 818 1621 patre
833 1538 999 1620 sospitem
1013 1538 1094 1602 loca
1109 1544 1231 1602 sancta

268 1641 419 1718 circuire,
443 1659 484 1704 ac
508 1639 714 1703 Sanctorum
738 1639 870 1703 auxilio
891 1639 1022 1720 gratias
1045 1638 1230 1703 sanissima

268 1750 380 1806 mente
400 1742 534 1818 referre,
556 1741 615 1824 qui
638 1739 746 1823 pridie
769 1759 840 1823 prae
860 1740 997 1804 insania
1016 1741 1141 1804 mentis
1166 1760 1229 1804 uec

268 1844 418 1926 seipsum
442 1841 521 1923 quis
541 1849 644 1916 esset,
658 1840 714 1905 vel
737 1841 797 1904 ubi
817 1847 921 1918 esset,
943 1848 1083 1923 poterat
1105 1860 1229 1923 agnos-

268 1964 354 2008 cere.
406 1941 476 2021 Qui
504 1942 564 2007 ubi
592 1950 668 2006 tota
698 1942 855 2006 Fratrum
885 1949 1025 2007 caterva
1054 1941 1228 2019 adstante,
1238 1960 1266 2004 1⁵

266 2045 404 2110 vidente
429 2052 463 2108 et
485 2044 756 2125 congratulante,
780 2043 824 2108 ad
845 2042 1009 2125 reliquias
1035 2042 1227 2127 Martyrum

268 2145 412 2228 genibus
432 2144 532 2208 flexis
554 2144 648 2208 dedit
670 2145 808 2210 laudern
830 2143 907 2208 Deo
927 2144 1077 2208 Domino
1097 2152 1133 2209 ct
1150 2143 1227 2208 Sal·

268 2246 380 2312 vatori
400 2253 519 2309 nostro
539 2244 624 2309 Jesu
647 2245 796 2324 Christo,
806 2245 881 2329 jam
901 2254 937 2309 et
957 2247 1001 2309 ab
1021 2244 1134 2310 hostis
1155 2265 1229 2311 ver-

268 2350 348 2412 bere
376 2346 553 2422 liberatus,
583 2353 618 2409 et
651 2348 687 2411 in
721 2347 788 2413 fide
818 2347 943 2411 firmior
973 2366 1079 2430 quam
1114 2346 1228 2412 suerat

269 2447 420 2523 effectus
454 2445 499 2509 ad
532 2448 671 2529 propria
702 2448 812 2513 rediit.
877 2447 1082 2512 Ostenditur
1116 2467 1267 2530 usqneao

269 2547 370 2611 bodie
383 2545 480 2610 fossa
494 2546 565 2625 illa,
581 2548 637 2610 cui
651 2549 869 2614 memorabile
888 2547 1039 2613 infusum
1059 2556 1114 2613 est
1132 2549 1228 2614 lava-

271 2667 375 2723 crum,
401 2647 571 2728 quadrato
606 2647 780 2714 schemate
811 2649 917 2728 facta,
950 2650 1042 2732 ligno
1075 2649 1228 2734 undique

271 2746 482 2812 circumdata
507 2755 542 2812 et
566 2747 696 2831 lapillis
722 2749 816 2814 intus
841 2751 1002 2833 impleta;
1029 2757 1083 2816 est
1112 2758 1229 2815 autem

265 2849 371 2934 juxta
388 2848 580 2927 ecclesiam,
593 2849 629 2911 in
648 2869 717 2932 qua
732 2869 856 2933 corpus
877 2850 952 2935 ejus
971 2851 1167 2934 requiescit,
1183 2854 1227 2916 ad

270 2956 401 3036 partem
426 2949 659 3015 meridianam.
704 2951 918 3035 Factumque
938 2961 991 3016 est
1012 2972 1057 3017 ex
1081 2971 1123 3016 eo
1144 2960 1268 3016 tem-ar

271 3069 364 3135 pore,
378 3056 417 3112 ut
434 3049 550 3131 plures
571 3052 760 3116 sanitatum
779 3054 997 3135 operationes
1015 3073 1076 3136 per
1090 3054 1230 3119 eosdem

270 3151 416 3234 lapides
451 3151 507 3215 vel
544 3152 687 3216 eandem
723 3162 860 3232 terram,
889 3155 1040 3219 Domino
1068 3156 1230 3236 donante,

269 3252 398 3318 tierent.
