2850 4890
443 379 625 428 lucrosa
643 379 728 425 vnn.
748 376 860 425 anon.
1086 357 1130 422 ou

169 536 268 617 pasci
281 537 434 601 veniens.
479 537 543 615 En,
557 557 666 619 panes
681 536 799 601 attulit
816 536 937 618 quales
952 543 1041 599 terra
1057 533 1128 616 gig-
1143 542 1176 591 Α.
1185 542 1218 590 1).
1226 545 1284 590 651·

170 656 249 701 nere
267 639 404 720 nequit;
426 659 507 702 nam
528 645 563 702 et
582 639 654 702 lilia
673 638 831 713 candore,
846 645 881 700 et
899 656 995 700 rosas
1012 638 1126 712 odore,

170 745 206 801 et
227 739 331 802 mella
356 740 556 820 praecellunt
581 760 716 822 sapore.
758 738 859 802 Unde
882 745 1019 802 constat
1044 737 1127 820 quia

170 857 239 902 non
259 839 367 904 densa
385 841 504 905 tellure
525 841 601 918 orti,
615 841 676 905 sed
698 841 740 903 de
759 839 921 922 paradiso
937 839 1125 920 voluptatis

140 940 268 1004 callati
296 949 388 1006 sunt.
435 942 511 1007 Nec
540 944 662 1006 mirum
690 942 782 1025 quod
811 941 932 1023 epulas
960 941 996 1002 in
1026 940 1124 1003 terris

170 1061 304 1105 sumere
321 1046 491 1126 respuerit
510 1045 689 1121 humanas,
709 1045 769 1126 qui
789 1051 915 1107 aeterno
934 1042 1016 1106 vitae
1036 1061 1126 1123 pane

170 1144 293 1210 fruitur
317 1149 353 1210 in
377 1149 497 1212 coelis.’
540 1146 665 1232 Itaque
685 1149 737 1212 vir
760 1149 901 1212 Domini
921 1148 963 1211 de
986 1153 1127 1210 ostensa

168 1249 324 1312 miraculi
339 1250 463 1314 virtute
481 1257 717 1332 compunctus
730 1251 892 1333 majorem
907 1268 951 1313 ex
967 1268 1007 1311 oo
1022 1249 1128 1312 virtu-

170 1355 242 1412 tum
276 1352 435 1432 operibus
470 1372 586 1416 curam
620 1353 858 1434 impendebat3
896 1350 1127 1415 crescentibus

124 1467 157 1512 10
170 1457 286 1514 autem
302 1453 486 1517 virtutibus
506 1455 615 1518 crevit
633 1460 668 1517 et
686 1454 797 1535 gratia
816 1452 980 1527 coelestis.
1023 1449 1129 1514 Deni-

170 1570 237 1633 que
257 1553 386 1635 saepius
406 1574 451 1618 ex
471 1573 512 1618 eo
530 1562 681 1637 tempore
701 1555 841 1636 angelos
860 1553 977 1619 videre
993 1559 1029 1615 et
1044 1552 1129 1614 allo-

170 1653 243 1735 qui,
254 1655 315 1717 sed
330 1662 365 1718 et
379 1655 532 1719 esuriens
546 1656 632 1719 cibis
647 1656 855 1738 specialibus
871 1654 935 1718 sibi
948 1673 968 1715 a
980 1652 1128 1715 Domino

169 1755 379 1836 praeparatis
405 1756 528 1819 meruit
553 1757 655 1820 refici.
700 1756 793 1819 Nam
817 1756 899 1838 quia
922 1754 1069 1819 affabilis
1094 1761 1130 1817 et

166 1855 338 1937 jocundus
367 1859 518 1921 moribus
549 1865 632 1935 erat,
660 1858 859 1940 plerumque
888 1855 969 1919 dum
996 1856 1040 1919 ad
1070 1877 1130 1920 ex-

126 1975 158 2020 15
172 1959 322 2039 emplum
332 1959 471 2024 vivendi
481 1962 708 2043 praesentibus
717 1967 852 2042 patrum
865 1958 1130 2041 praecedentium

171 2066 270 2140 gesta
291 2060 439 2137 referret,
462 2062 565 2124 etiam
587 2062 670 2143 quid
693 2060 759 2124 sibi
782 2059 863 2123 doni
885 2058 1049 2140 spiritalis
1072 2078 1130 2121 su-

170 2179 279 2240 perna
298 2161 411 2242 pietas
434 2162 617 2226 contulerit
635 2161 806 2224 humiliter
825 2160 1023 2223 interserere
1041 2159 1130 2223 sole·

171 2261 233 2324 bat
246 2281 255 2340 ;
278 2268 313 2324 et
329 2261 516 2343 aliquando
528 2269 644 2325 autem
655 2263 779 2337 velate,
792 2260 892 2342 quasi
907 2261 970 2323 sub
983 2278 1130 2341 persona

172 2361 325 2439 alterius,
340 2361 376 2424 id
390 2361 501 2426 fecere
515 2364 669 2426 curabat.
715 2359 817 2438 Quod
833 2369 949 2425 tamen
961 2361 1021 2443 qui
1032 2362 1130 2424 audi-

125 2480 159 2524 no
172 2481 240 2539 ere,
255 2462 337 2545 quia
356 2463 399 2526 de
420 2463 536 2544 seipso
554 2463 679 2527 dixerit
691 2463 939 2544 intelligebant,
949 2461 1055 2544 juxta
1069 2482 1130 2525 ex·

171 2563 321 2644 emplum
341 2562 501 2645 Magistri
524 2565 686 2645 gentium,
710 2564 769 2645 qui
786 2564 886 2626 modo
912 2569 1029 2644 aperte
1047 2581 1129 2626 suas

170 2662 315 2729 virtutes
337 2665 493 2748 replicat,
508 2666 609 2728 modo
627 2667 691 2728 sub
709 2671 880 2747 praetextu
899 2663 1040 2727 alterius
1056 2682 1131 2744 per-

171 2789 268 2834 sonae
295 2771 456 2852 loquitur,
478 2770 584 2834 ‘Scio
613 2770 782 2833 hominem
810 2769 846 2830 in
873 2766 1018 2844 Christo,
1048 2774 1129 2831 ante

172 2890 282 2936 annos
312 2872 568 2954 quatuordecim
603 2879 738 2953 raptum
772 2889 882 2952 usque
915 2868 959 2932 ad
991 2869 1128 2932 tertium

126 2970 319 3036 ascoelum?

439 3273 459 3304 ²³
474 3269 612 3343 Loquitur]
631 3275 772 3324 ucorinth.
784 3275 829 3324 xii.
841 3280 866 3325 2.
