2850 4890
254 337 320 402 274
629 349 839 397 sarnunrx.

257 499 328 569 Dei,
357 497 522 578 intelligens
547 498 745 578 poenitentiam
772 516 883 567 eorum,
907 496 1026 556 veniam
1052 494 1216 556 revertendi

255 585 346 646 dedit.
399 584 450 644 Illi
469 604 540 644 vero
564 585 645 643 corvi
668 585 697 642 in
717 581 824 642 eadem
844 583 917 642 hora
936 588 1106 662 perpetrata
1130 601 1215 661 pace,

257 691 324 731 cum
345 670 475 750 quodam
496 670 670 730 munusculo
692 669 732 728 ad
749 668 875 728 insulam
894 669 982 727 ambo
1000 668 1111 728 reversi
1133 675 1215 734 sunt;

257 758 370 816 habens
389 757 465 815 enim
484 756 512 814 in
528 776 579 815 ore
600 775 655 815 suo
671 755 758 833 quasi
771 753 920 813 dimidiam
937 754 1000 812 suis
1016 753 1136 834 adipem
1151 763 1217 812 ante

258 841 351 922 pedes
366 844 431 921 ejus
445 840 593 921 deposuit.
638 840 704 900 Illis
721 843 787 919 jam
804 839 959 917 indulgens
977 839 1038 899 hoc
1053 847 1219 918 peccatum,
1240 853 1252 896 t

259 948 354 1008 nsque
376 927 474 987 adhuc
496 927 557 986 illic
578 935 706 987 manent.
751 924 833 986 Haec
856 925 926 984 mihi
940 935 1033 984 testes
1055 923 1216 984 fidelissimi

257 1015 412 1075 visitantes
424 1033 501 1082 eum,
516 1011 597 1072 etde
611 1011 698 1092 adipe
712 1031 764 1091 per
777 1019 870 1070 totum
886 1012 953 1070 anni
964 1011 1095 1090 spatium
1109 1009 1218 1070 calcia·

260 1110 359 1159 menta
373 1118 429 1158 sna
445 1097 590 1169 linientes,
606 1118 674 1158 cum
689 1095 900 1176 glorificatione
916 1096 975 1156 Dei
988 1096 1204 1156 indicaverunt.

304 1192 318 1259 ς
337 1190 387 1243 28.
409 1184 561 1243 Praeterea
579 1182 809 1242 sanctimonialis
829 1183 911 1262 virgo
927 1190 957 1242 et
976 1182 1085 1260 regalis
1104 1179 1220 1240 Elfleda

84 1264 96 1291 ⁰
126 1263 162 1290 ⁰⁸
263 1271 425 1340 abbatissa,
441 1277 575 1329 sanctum
590 1270 797 1329 anachoretam
813 1267 873 1327 Dei
892 1267 1037 1327 humiliter
1056 1268 1086 1326 in
1105 1267 1255 1326 nominem

264 1355 385 1416 Domini
405 1356 434 1414 in
456 1356 575 1415 obviam
590 1356 646 1414 sihi
666 1355 803 1433 navigare
823 1353 862 1415 ad
883 1353 1027 1433 Coqnede
1047 1373 1081 1413 se
1098 1353 1218 1433 petivit;

264 1443 313 1503 cui
336 1441 444 1502 ancilla
467 1438 526 1500 Dei
547 1440 670 1501 flectens
692 1460 790 1519 genua
809 1439 901 1501 multa
921 1439 1101 1516 interrogare
1124 1439 1220 1518 coepit,

264 1536 412 1609 postremo
435 1536 532 1585 autem
556 1547 609 1605 per
629 1546 734 1586 nomen
760 1524 881 1585 Domini
900 1525 993 1584 nostri
1016 1523 1092 1584 «lesu
1113 1523 1222 1584 Christi

264 1628 295 1673 et
319 1634 371 1693 per
393 1632 499 1672 novem
520 1612 639 1671 ordines
659 1610 830 1690 angelorum
852 1619 882 1670 et
906 1611 1036 1669 omnium
1055 1616 1221 1669 sanctorum

264 1718 405 1779 personas
428 1697 603 1757 fiducialiter
621 1697 778 1777 adjuravit,
793 1699 974 1774 interrogans
989 1694 1027 1754 de
1041 1694 1257 1773 longitudinem

265 1787 334 1846 vitae
361 1785 458 1844 fratris
484 1786 529 1844 sui
558 1783 634 1862 regis
661 1782 786 1861 Egtridi.
831 1782 903 1862 Ipso
928 1791 1027 1840 autem
1052 1781 1143 1840 homo
1169 1781 1224 1840 Dei

266 1871 391 1948 graviter
419 1869 582 1948 adjuratus,
610 1871 714 1928 timens
744 1868 915 1936 Dominum,
943 1867 1033 1946 coepit
1059 1865 1160 1926 dicere
1187 1865 1223 1924 de

267 1956 411 2015 brevitate
435 1956 504 2015 vitae
532 1956 658 2013 hominis
686 1955 810 2014 circuitu
839 1954 1003 2023 verborum,
1028 1961 1061 2011 et
1093 1952 1226 2032 adjunxit

267 2041 381 2110 dicens,
404 2040 457 2098 Ὀ
478 2040 587 2099 ancilla
607 2039 682 2099 Deil
705 2039 846 2120 numquid
863 2059 921 2097 non
941 2057 1066 2118 parvum
1083 2044 1141 2108 est,
1157 2037 1226 2096 licet

268 2127 374 2204 aliquis
391 2126 472 2185 vivet
491 2125 650 2185 duodecim
674 2145 792 2185 menses
801 2125 822 2184 l'
866 2124 925 2183 llla
946 2144 1018 2183 vero
1039 2125 1140 2182 statim
1160 2124 1261 2182 arri-to

267 2213 350 2292 piens
365 2219 462 2271 mente
480 2231 547 2270 esse
562 2212 686 2282 dictum,
701 2232 801 2271 amaro
817 2209 887 2270 fletu
902 2208 1085 2278 lacrimavit;
1105 2210 1184 2269 sicut
1201 2209 1227 2268 ei

269 2309 299 2358 et
312 2298 411 2356 multis
427 2297 492 2356 aliis
507 2304 576 2376 post
586 2296 653 2356 anni
664 2299 791 2375 spatium
808 2317 896 2356 casus
911 2294 1052 2374 regalium
1069 2314 1087 2353 a
1101 2296 1228 2373 maligna

269 2404 357 2443 mann
390 2383 505 2442 hostilis
539 2382 630 2462 gladii
666 2404 782 2442 omnem
812 2381 1033 2442 amaritudinem
1065 2380 1227 2440 renovavit.

269 2469 383 2528 Adhuc
403 2468 538 2549 adjungit
552 2468 666 2537 dicens,
685 2470 774 2529 ‘Per
792 2467 916 2528 eandem
940 2467 1095 2526 Unitatem
1116 2474 1149 2527 et
1165 2465 1228 2525 Tri·

269 2557 390 2614 nitatem
412 2553 611 2633 supradictam
636 2553 740 2633 adjuro
764 2563 805 2625 te,
828 2561 861 2612 ut
882 2553 966 2612 dicas
984 2571 1072 2632 quem
1092 2551 1265 2611 heradonas

269 2640 410 2700 habebit!
446 2640 518 2720 Ipse
529 2641 617 2699 etiam
629 2638 792 2719 paullulum
799 2647 902 2700 tacens
911 2637 996 2706 dixit,
1009 2646 1017 2670 ‘
1029 2636 1121 2697 Illum
1131 2647 1230 2698 autem

270 2747 327 2785 non
343 2727 439 2784 minus
458 2726 512 2785 tibi
534 2746 602 2785 esse
619 2725 738 2785 fratrem
759 2725 956 2804 usurpaveris,
977 2742 1067 2802 quam
1087 2723 1230 2794 alterum!

271 2811 345 2871 Hoc
371 2812 480 2892 quippe
503 2818 533 2869 et
552 2809 724 2870 incredibile
746 2811 922 2879 ridebatur;
944 2809 1114 2887 diligentius
1132 2817 1230 2868 tamen

271 2898 460 2975 interrogavit
473 2897 501 2955 in
516 2917 576 2976 qno
596 2897 664 2956 loco
682 2906 772 2957 esset.
815 2896 887 2977 Ipse
901 2915 972 2955 vero
986 2895 1130 2975 patienter
1144 2895 1230 2954 susti-

271 3003 343 3042 nens
369 3003 434 3042 eam
457 2983 508 3051 ait,
531 2982 584 3040 ‘O
611 3003 697 3042 serva
720 2981 795 3042 Dei!
821 2981 893 3061 qnid
917 2982 1028 3040 miraris
1050 2979 1123 3038 licet
1143 2981 1184 3039 sit
1203 2980 1267 3038 inst

273 3070 374 3149 aliqua
383 3068 480 3127 insula
495 3088 584 3147 snper
596 3068 654 3129 hoc
665 3089 744 3127 mare
755 3069 776 3127 t'
812 3067 871 3127 Illa
879 3069 945 3146 jam
958 3067 1017 3126 cito
1027 3067 1232 3125 rememoravit

273 3154 312 3213 de
335 3152 465 3224 Allrido,
484 3155 534 3232 qui
553 3173 631 3214 nunc
650 3162 753 3232 regnat
773 3153 907 3233 pacifice,
927 3152 1020 3212 fuisse
1040 3150 1166 3222 dictum,
1183 3151 1234 3231 qui

274 3248 345 3298 tunc
360 3240 463 3298 eratin
480 3239 586 3308 insula,
601 3260 689 3320 qnam
703 3240 758 3318 Hy
773 3241 932 3298 nominant.
971 3236 1101 3297 Addens
1116 3257 1233 3316 qnoque

273 3325 526 3402 interrogationem
541 3324 579 3384 de
594 3335 691 3386 eomet
702 3327 777 3405 ipso,
790 3326 859 3405 quia
873 3325 987 3384 sciebat
999 3342 1098 3400 regern
1112 3323 1234 3383 invitare

273 3429 341 3468 eum
355 3409 485 3468 voluisse
497 3409 535 3468 ad
546 3413 760 3491 episcopatum,
773 3412 798 3471 si
809 3412 853 3470 sic
864 3410 926 3489 regi
936 3409 1059 3469 effectus
1071 3409 1232 3478 evenisset,
1242 3422 1268 3467 tt

276 3504 306 3554 et
327 3494 416 3573 quale
435 3496 563 3573 spatium
587 3506 668 3557 esset
689 3498 719 3555 in
741 3498 927 3576 episcopatu,
946 3496 1010 3575 ipse
1029 3515 1101 3554 vero
1122 3515 1154 3554 se
1177 3515 1233 3554 non

275 3600 343 3638 esse
368 3578 489 3658 dignum
515 3602 674 3651 excusans,
697 3591 795 3642 tamen
818 3602 914 3662 oeque
935 3582 964 3639 in
989 3581 1072 3648 mari,
1091 3600 1188 3658 nequo
1206 3581 1233 3638 in

275 3675 362 3735 terra,
375 3686 393 3724 a
408 3666 459 3725 tali
475 3666 584 3727 honore
600 3669 708 3746 gradus
724 3669 867 3728 occultari
881 3668 1013 3747 potuisse
1028 3665 1160 3736 dicebat,
1176 3665 1235 3724 ‘Et

276 3753 305 3810 in
320 3753 402 3811 brevi
417 3753 512 3831 spatio
527 3775 666 3814 annornm
679 3755 803 3813 duorum
814 3755 943 3831 requiem
959 3753 1068 3811 laboris
1079 3752 1235 3811 inveniam.

278 3837 319 3895 Et
346 3846 376 3897 tn
410 3859 529 3918 quoque
552 3840 620 3899 andi
642 3840 722 3920 quod
746 3860 803 3918 ego
829 3840 967 3918 praecipio
990 3839 1042 3897 tibi
1066 3840 1095 3896 in
1121 3839 1272 3897 nominent)

312 4114 322 4144 ⁹
338 4119 480 4180 Promea]
500 4119 554 4170 vit.
564 4120 639 4167 Pros.
649 4119 715 4180 Cap.
730 4132 898 4181 xxnr.xxrv;
918 4120 975 4170 vit.-
985 4121 1050 4170 Met.
1065 4120 1131 4181 Cap.
1146 4134 1205 4170 xxi.
