2850 4890
232 344 353 416 324,
606 357 820 405 nerannrx.
899 402 904 408 .
1003 399 1007 404 .

62 523 199 564 cariacae.
277 514 354 582 516.
385 506 475 565 Unde
498 505 570 564 inito
594 525 662 564 cum
685 505 822 564 fratribus
847 503 984 574 consilio,
1010 502 1193 561 Benedictus

63 576 207 666 mliii„
234 595 354 654 vocavit
365 591 559 659 Ceolfridum,
570 611 696 669 eumque
708 593 858 670 utriusque
873 590 1041 649 monasterii
1056 589 1194 648 abbatem

238 679 399 746 constituit,
421 678 594 756 praecipiens
619 685 650 734 ut
672 697 758 734 unum
782 697 834 756 per
860 677 959 734 omnia
978 682 1061 733 esset
1079 694 1194 733 mones-

238 766 354 833 terium,
382 765 498 822 tametsi
527 762 644 821 duobus
669 761 698 819 in
724 762 799 821 locis
826 762 967 841 positum,
998 781 1056 819 uno
1080 779 1195 838 semper

238 850 339 911 abbati
354 847 584 926 gubernandum,
598 846 704 905 eodem
717 847 859 926 privilegii
874 847 1033 906 munimine
1048 854 1193 912 tutatum
1219 859 1232 900 a

238 946 269 997 et
287 939 365 995 sicut
381 934 515 1012 ejusdem
532 932 686 1012 privilegii,
701 933 782 1011 quod
799 934 837 992 ab
852 933 1014 1009 Agathone
1031 951 1113 1010 papa
1130 950 1195 989 sus-

238 1030 370 1101 ceperat,
391 1021 501 1098 scripta
520 1019 680 1087 continent,
702 1018 788 1078 simul
809 1027 840 1076 et
862 1018 965 1095 regula
989 1017 1088 1075 sancti
1105 1016 1195 1096 patris

240 1105 408 1174 Benedicti,
429 1124 578 1182 nunquam
597 1104 691 1162 abbas
711 1104 807 1163 eidem
826 1103 1002 1162 monasterio
1015 1106 1106 1180 Juxta
1130 1122 1197 1160 suc-

241 1193 404 1252 cessionem
431 1191 556 1268 generis,
580 1188 635 1247 sed
653 1191 745 1268 juxta
767 1190 836 1249 vitae
859 1187 979 1247 modum
1003 1197 1033 1246 et
1057 1187 1197 1245 doctrinae

241 1285 419 1357 quaereretur
440 1274 624 1344 industriam,
644 1274 806 1333 secundum
827 1274 907 1353 quod
928 1273 1040 1353 ipsein
1063 1274 1236 1351 praesentilu

242 1361 425 1423 ceolfridum
445 1369 599 1428 statuerat,
614 1361 664 1439 qui
685 1361 778 1438 magis
798 1361 853 1419 sibi
874 1357 1017 1438 spirituali
1031 1379 1123 1436 quam
1137 1378 1199 1416 car-

242 1448 302 1506 nali
316 1455 379 1506 erat
391 1447 566 1522 cognatione
576 1464 740 1514 connexus,
755 1464 822 1504 cum
838 1446 959 1504 baberet
971 1443 1092 1502 fratrem
1105 1444 1201 1502 carnis

242 1533 361 1613 quidem
377 1533 432 1589 sibi
447 1531 701 1608 consanguinitate
715 1532 890 1611 proximum,
909 1530 962 1589 sed
983 1529 1085 1608 inopia
1103 1528 1201 1588 cordis

242 1640 260 1678 a
275 1639 308 1677 se
322 1618 493 1694 longissime
507 1616 676 1676 distantem.

72 1719 140 1760 nean
151 1716 228 1768 orsrg-
287 1709 300 1777 ξ
313 1710 362 1766 17.
386 1701 572 1761 Constitutus
592 1712 638 1760 est
656 1712 754 1761 eutem
769 1701 809 1760 ibi
823 1701 916 1759 abbas
931 1698 1101 1759 ceolfridus
1119 1701 1202 1760 tertio
1213 1714 1239 1758 15

68 1769 212 1867 {1¹22le
245 1810 321 1849 anno
356 1787 433 1865 regis
467 1787 609 1855 Aldfridi,
639 1787 798 1845 indictione
832 1788 934 1865 prima,
962 1796 1069 1864 quarto
1102 1786 1202 1845 iduum

71 1871 193 1911 ΗΜ·
248 1874 394 1933 Maiarum
414 1871 462 1931 die
482 1873 535 1949 [13
556 1872 656 1949 Mai.],
676 1872 727 1951 qui
746 1882 810 1930 erat
828 1892 921 1930 annus
940 1881 1068 1931 octavus
1088 1892 1127 1933 ex
1145 1892 1203 1951 quo

245 1958 453 2018 monasterium
482 1959 561 2017 beati
586 1957 678 2017 Pauli
703 1956 886 2018 fundaverat.
933 1955 974 2014 Et
997 1957 1104 2015 eodem
1128 1977 1204 2016 anuo

245 2043 421 2104 venerabilis
440 2044 533 2103 abbas
555 2053 585 2102 et
606 2042 748 2102 diaconus
768 2041 926 2119 Sigfridus,
947 2042 1037 2119 longa
1062 2052 1204 2102 excoctus

246 2128 430 2206 aegritudine,
445 2130 580 2206 migravit
590 2128 627 2186 ad
640 2148 729 2207 regna
740 2128 883 2197 coelestia,
895 2126 1050 2187 undecimo
1062 2127 1205 2187 kalendas
1215 2141 1244 2186 ‘zo

247 2214 428 2294 Septembris
454 2214 507 2290 [22
530 2212 640 2292 Aug.],
660 2214 744 2273 tertio
762 2233 850 2292 quam
874 2214 969 2271 abbas
984 2234 1053 2272 esse
1075 2224 1206 2292 coeperat

248 2321 335 2360 anno.
378 2298 486 2369 Porro,
512 2300 579 2358 anni
604 2301 754 2377 sequentis
780 2297 920 2368 exordiis,
943 2297 973 2356 id
996 2310 1053 2368 est,
1072 2298 1206 2358 'secundo

249 2386 316 2445 idus
330 2385 462 2443 Januarii
482 2386 535 2462 [12
548 2383 643 2462 Jan.],
660 2384 727 2444 Deo
742 2383 869 2445 dilectus
885 2384 962 2443 abba
977 2384 1163 2444 Benedictus
1176 2393 1207 2443 et

249 2473 314 2551 ipse
328 2479 397 2549 post
410 2470 507 2548 longoe
521 2471 667 2529 caminum
680 2468 867 2539 infirmitatis,
882 2471 910 2528 in
929 2490 989 2548 qua
1006 2469 1074 2529 Deo
1090 2490 1207 2549 semper

249 2577 337 2634 agere
362 2556 469 2633 gratias
495 2556 619 2625 solebat,
646 2556 777 2634 requiem
801 2555 957 2633 lucemque
981 2556 1050 2614 vitae
1078 2556 1247 2614 coelestisau

250 2643 333 2711 adiit,
348 2642 431 2699 annis
447 2642 474 2701 in
490 2641 629 2718 regimine
642 2640 841 2700 monasteriali
854 2641 982 2699 sedecim
996 2642 1122 2702 exactis.

293 2733 369 2801 §18⁴
408 2727 488 2786 Octo
516 2729 626 2806 quippe
655 2746 747 2785 annos
773 2727 838 2806 ipse
864 2727 945 2784 beati
969 2725 1055 2785 Petri
1079 2727 1208 2805 apostoli

250 2812 457 2874 monasterium
476 2814 608 2890 regebat,
624 2821 654 2870 et
674 2812 748 2871 elios
770 2811 891 2871 totidem
911 2812 999 2870 etiarn
1018 2813 1099 2870 beati
1117 2812 1209 2871 Pauli

252 2898 430 2957 monasterio
452 2917 504 2977 per
527 2897 709 2957 Ceolfridum
734 2917 834 2955 curam
856 2897 1061 2975 impendebat;
1085 2916 1209 2976 quorum

251 2985 352 3063 primis
381 2991 508 3061 quatuor
536 2984 618 3042 annis
651 2984 858 3041 monasterium
891 2983 968 3040 beati
1003 2982 1088 3042 Petri
1120 2985 1249 3057 (sicutte

252 3069 388 3148 superius
408 3068 576 3147 expositum
600 3069 659 3142 est)
679 3068 878 3146 AEosterwyni
899 3066 1044 3144 adjutore,
1067 3069 1212 3145 guberna-

252 3155 321 3220 bat;
355 3154 545 3231 sequentibus
574 3153 666 3212 tribus
694 3152 864 3231 Sigfridum,
888 3152 991 3212 ultimo
1016 3152 1212 3223 Ceolfridnm,

254 3235 383 3296 babebat
404 3239 523 3316 regendi
544 3247 720 3299 consortem.
767 3237 907 3317 Sepultus
922 3247 974 3296 est
992 3250 1091 3297 autem
1113 3239 1212 3298 Bene-

254 3323 351 3381 dictus
379 3323 407 3380 in
432 3325 545 3403 porticu
569 3325 648 3383 beati
675 3324 769 3392 Petri,
796 3323 834 3382 ad
859 3324 998 3382 orientem
1025 3324 1139 3395 altaris,
1164 3325 1214 3382 ubi

253 3407 441 3488 postmodum
462 3410 550 3467 etiam
565 3409 865 3468 reverentissimorum
880 3410 1020 3468 abbatum
1034 3409 1214 3469 Eosterwini
1225 3425 1255 3469 at

255 3503 285 3552 et
300 3491 420 3569 Sigfridi
435 3503 503 3552 sunt
517 3515 588 3552 ossa
601 3495 752 3554 translata.

143 3599 159 3636 n
196 3611 226 3637 r.
304 3583 379 3651 §la
416 3579 487 3644 Quo
512 3579 551 3636 ad
575 3581 665 3638 vitam
688 3579 831 3638 translato
852 3579 890 3638 de
912 3586 1015 3647 morte,
1042 3577 1214 3656 ceolfridus

94 3661 193 3738 baidi
214 3721 223 3730 .
254 3665 405 3742 utriusque
426 3666 605 3735 monasterii,
622 3666 669 3724 vel
688 3666 788 3744 potius
810 3665 893 3723 unius
913 3665 1082 3723 monasterii
1097 3665 1216 3724 duobus

297 3952 307 3981 ⁶
323 3955 448 4014 Agathone
460 3951 541 4024 papa]
579 3957 621 4004 He
640 3957 710 4006 filled
723 3957 765 4006 the
777 3960 855 4020 papal
868 3959 957 4007 throne
971 3959 1034 4007 from
1048 3971 1074 4009 Α.
1089 3973 1115 4009 n.
1127 3964 1177 4008 678
1191 3966 1216 4010 to

254 4028 285 4088 it)
299 4026 426 4086 Jannary,
439 4030 496 4074 682.
