2850 4890
66 536 249 629 lesemdan.

74 644 149 717 usp.
178 644 236 693 au.

260 338 322 404 1⁷8
454 353 542 403 vsu.
559 353 669 403 anun
686 350 923 414 oenonrcou,
938 349 1025 400 s1vs

263 515 403 580 orbatus
432 515 595 580 servitute
622 513 808 579 miserabili
833 511 1061 578 consenescit.
1120 507 1219 574 Unde

264 615 444 680 Gallienus
474 622 546 680 tam
575 615 670 679 claro
696 613 763 679 Dei
784 613 916 697 judicio
937 612 1076 677 territus
1100 629 1219 694 pacem

263 717 389 782 nostris
402 716 567 796 reddidit3
587 716 647 780 sed
657 715 701 780 ob
712 715 868 779 meritum
878 721 994 781 tamen
1003 712 1061 779 vel
1071 712 1219 796 propriae

262 817 417 883 libidinis
445 817 501 883 vel
530 825 685 900 paternae
714 815 950 894 theomachiae,
983 815 1165 879 innumera
1200 830 1221 877 a

263 919 419 985 barbaris
440 918 703 1000 adsurgentibus
730 915 881 981 Romam
904 915 999 997 regni
1021 914 1257 980 detrimentas

265 1019 439 1087 sustinuit.
484 1018 565 1089 Hac
586 1017 823 1101 persecutione
838 1016 1031 1102 Cyprianus
1045 1013 1222 1097 Carthagi·

267 1121 384 1187 nensis
405 1121 601 1204 episcopus,
620 1119 719 1203 cujus
740 1119 941 1184 doctissima
959 1125 1102 1187 exstant
1121 1135 1222 1200 opus·

267 1222 357 1301 cula,
372 1222 534 1305 martyrio
553 1230 755 1301 coronatur;
778 1219 878 1303 cujus
892 1219 976 1285 vitae
994 1227 1031 1283 et
1049 1217 1223 1301 passionis

267 1323 427 1389 volumen
446 1323 616 1404 egregium
633 1320 772 1405 reliquit
789 1320 936 1384 Pontius
954 1319 1123 1387 diaconus
1140 1318 1224 1401 ejus,

192 1480 195 1485 .
269 1425 328 1507 qui
340 1443 449 1506 usque
461 1424 505 1487 ad
517 1422 607 1486 diem
618 1421 793 1505 passionis
801 1421 877 1505 ejus
888 1440 964 1485 cum
976 1420 1055 1503 ipso
1063 1419 1223 1484 exsilium
1233 1435 1261 1481 lo

85 2147 161 2194 4224.
188 2147 245 2194 272.

74 3155 150 3203 4229.
186 3156 245 3202 278.

78 4075 152 4123 4230.
188 4074 246 4120 279.

269 1527 444 1594 sustinuit.
503 1525 715 1600 Theodorus,
738 1523 837 1607 cujus
866 1541 971 1605 supra
998 1521 1224 1598 meminimus,

269 1635 493 1710 cognomento
508 1627 703 1709 Gregorius,
718 1623 958 1689 Neocaesareee
973 1623 1079 1687 Ponti
1092 1623 1225 1706 episco-

269 1748 347 1812 pus,
361 1749 487 1809 magna
499 1728 663 1793 virtutum
678 1726 786 1809 gloria
800 1727 924 1806 claret3
947 1746 967 1790 e
981 1726 1108 1807 quibus
1122 1743 1224 1788 unum

269 1840 335 1908 est,
363 1831 467 1912 quod,
490 1838 530 1895 ut
557 1830 714 1896 ecclesiae
736 1829 904 1894 faciendae
923 1827 1022 1891 locus
1044 1824 1225 1902 sufficeret,

269 1938 420 1995 montem
448 1932 609 2015 precibus
635 1931 752 1995 movit.
806 1928 1003 2012 Stephanus
1029 1933 1067 1993 et
1095 1925 1262 1994 xistum

270 2031 391 2097 Romae
406 2034 560 2116 episcopi
572 2032 772 2116 martyrium
786 2030 894 2114 passi.

314 2132 482 2199 Claudius
494 2153 584 2198 anno
597 2150 622 2211 1,
634 2133 807 2197 mensibus
822 2147 877 2195 tx.
920 2129 994 2195 Iste
1006 2128 1142 2194 Gothos
1152 2128 1226 2214 jam

270 2254 331 2318 per
345 2254 454 2299 annos
467 2251 520 2298 xv
537 2235 712 2319 illyricum
724 2232 1033 2314 Macedoniamque
1045 2239 1226 2296 vastantes

270 2343 430 2418 superat;
451 2336 495 2399 ob
516 2355 595 2418 quee
615 2336 650 2399 in
670 2335 766 2400 curia
779 2335 920 2418 clypeus
934 2333 967 2398 ei
981 2352 1119 2410 aurens,
1135 2341 1171 2398 et
1190 2335 1225 2396 in

270 2435 443 2519 Capitolio
473 2443 592 2501 statua
616 2455 721 2500 aurea
745 2435 916 2501 collocata
941 2441 1003 2499 est.
1048 2433 1266 2499 Malchionso

271 2538 518 2603 disertissimus
562 2536 788 2602 Antiochense
831 2536 1009 2619 presbyter
1058 2536 1227 2612 ecclesiae,

271 2639 398 2722 quippe
426 2639 485 2721 qui
510 2639 546 2702 in
576 2639 695 2702 eadem
717 2637 800 2702 urbe
821 2635 1026 2701 rhetoricam
1050 2636 1227 2714 docuerat,

271 2740 435 2805 adversus
465 2739 614 2805 Paulum
643 2740 686 2804 de
720 2740 913 2815 Samosata,
942 2739 1001 2821 qui
1030 2738 1227 2804 Antiochiae

271 2840 456 2924 episcopus
482 2842 736 2924 dogmatizabat
755 2839 929 2905 Christum
952 2840 1143 2904 communis
1166 2859 1228 2904 na·

269 2947 357 3007 turae
366 2941 538 3007 hominem
547 2950 680 3007 tantum
689 2941 806 3020 fuisse,
816 2942 1063 3024 accipientibus
1073 2943 1267 3021 notantem

271 3041 463 3125 disputavit
475 3065 484 3124 ;
506 3045 565 3127 qui
579 3043 747 3126 Dialogus
761 3062 871 3126 usque
885 3042 986 3111 hodie
1000 3050 1130 3109 exstat.
1252 3071 1256 3078 ·

314 3142 522 3209 Aurelianus
543 3165 653 3210 annos
674 3162 708 3224 V,
727 3163 863 3209 menses
884 3161 935 3209 vl.
978 3143 1049 3207 Hic
1070 3163 1149 3208 cum
1168 3145 1228 3210 ad·

272 3263 409 3309 versum
428 3265 491 3310 nos
511 3248 782 3329 persecutionem
802 3245 979 3323 mouisset,
998 3244 1128 3308 fulmen
1147 3253 1228 3312 ante

270 3364 347 3410 cum
370 3365 494 3428 magno
519 3366 647 3430 pavore
670 3347 962 3412 circumstantium
982 3348 1070 3427 ruit;
1093 3367 1136 3412 ao
1158 3366 1228 3410 non

271 3445 378 3511 multo
397 3455 478 3528 post
498 3468 520 3512 a
539 3448 707 3512 militibus
728 3449 863 3514 occisus
884 3455 949 3526 est,
963 3447 1095 3527 itineris
1114 3446 1269 3512 medioso

272 3547 364 3629 qnod
391 3547 479 3612 inter
505 3548 840 3633 Constantinopolim
868 3557 903 3614 et
929 3548 1136 3613 Heracleam
1163 3555 1228 3626 est,

272 3654 392 3713 stratae
414 3650 538 3714 veteris
561 3651 648 3728 loco,
667 3651 727 3734 qui
752 3650 999 3716 Caenofrurium
1023 3650 1228 3732 appellatur.

272 3748 508 3831 Eutychianus
525 3751 646 3816 Romae
663 3753 848 3835 episcopus
868 3751 1028 3834 martyrio
1044 3760 1228 3817 coronatus

271 3849 309 3912 in
322 3852 518 3915 coemeterio
531 3853 668 3918 Callisti
682 3855 858 3936 sepelitur,
873 3853 934 3935 qui
945 3861 981 3917 et
992 3853 1067 3936 ipse
1080 3869 1226 3917 cocxlll

272 3960 440 4034 martyres
457 3973 559 4038 manu
573 3973 637 4017 sua
652 3954 820 4037 sepelivit.
1239 3974 1268 4019 ss

315 4052 460 4118 Tacitus
478 4075 612 4120 menses
637 4072 685 4120 vt.
731 4054 811 4133 Quo
826 4055 917 4138 apud
933 4055 1083 4120 Pontum
1099 4057 1226 4134 occiso,
