2850 4890
298 369 397 418 HIST.
413 371 728 419 nnnnsnn'rtonis
747 372 776 420 S.
795 375 1029 423 cunflnnnnl.
1077 361 1143 427 293

186 518 287 578 locum
315 521 488 598 pervenerit,
519 521 586 580 sciri
616 520 784 580 nullatenus
812 521 916 603 potuit
969 523 1037 594 Cui,
1065 525 1143 584 sicut
1158 530 1303 584 Α.1).875.

179 607 287 683 jussus
301 604 405 675 luerat,
422 605 491 664 dum
506 626 592 665 manu
608 606 686 665 elata
699 606 820 667 fraenum
837 607 1015 679 ostenderet,
1027 612 1141 669 concite

185 689 347 750 adveniens
368 693 505 750 manibus
526 692 604 751 illius
624 712 691 751 sese
710 692 891 751 fraenandum
910 695 1025 754 obtulit.
1070 697 1141 762 Quo

186 773 226 834 ad
238 776 335 836 socios
348 776 501 856 perducto,
513 798 565 856 pro
576 778 666 856 patris
679 776 832 838 cuthberti
843 780 973 858 corporis
985 783 1140 859 praeseutia

156 869 266 920 ttanto
293 862 430 922 libentius
455 863 644 941 postmodum
669 856 803 922 laborare
828 864 1006 941 gaudebant,
1030 878 1141 945 quanto

185 949 250 1026 ejus
273 947 413 1025 suffragia
433 967 582 1027 nunquam
604 949 633 1006 in
654 949 830 1007 necessitate
851 950 906 1008 sibi
930 949 1067 1010 defutura
1087 973 1140 1031 pro

185 1040 266 1092 certo
287 1033 429 1092 sciebant.
471 1033 680 1112 Adjungentes
699 1035 798 1113 itaque
823 1035 970 1095 caballum
991 1038 1139 1108 vehiculo,

185 1118 268 1197 quod
288 1118 369 1177 illum
391 1119 542 1177 coelestem
559 1121 727 1178 thesaurum
746 1120 834 1178 theca
853 1120 998 1193 inclusum
1016 1121 1139 1192 ferebat,

186 1224 221 1262 eo
244 1205 376 1263 securius
398 1225 449 1284 per
471 1205 610 1283 quaelibet
631 1204 700 1265 loca
722 1207 929 1284 sequebantur,
948 1227 1007 1286 quo
1029 1228 1047 1266 a
1072 1208 1140 1266 Deo

142 1303 173 1348 10
185 1289 242 1347 sibi
255 1292 374 1369 proviso
389 1311 466 1371 equo
479 1290 602 1349 ductore
617 1292 781 1350 utebantur.
822 1291 920 1351 Porro
940 1292 1013 1350 liber
1030 1313 1141 1352 memo-

186 1385 268 1434 ratus
289 1376 317 1433 in
343 1377 400 1434 hac
422 1376 652 1456 ecelesia,'quae
677 1381 785 1455 eorpus
810 1376 904 1455 ipsius
930 1377 1025 1436 sancti
1049 1379 1140 1458 patris

184 1459 295 1519 habere
325 1462 438 1531 meruit,
467 1482 561 1541 usque
588 1460 677 1520 hodie
705 1469 856 1530 servatum
888 1462 916 1521 in
944 1484 1003 1541 quo
1030 1464 1141 1524 nullum

185 1546 314 1617 omnino,
340 1555 373 1606 ut
396 1546 535 1616 diximus,
558 1567 610 1626 per
635 1566 742 1625 aquam
766 1547 896 1607 laesionis
918 1548 1033 1626 signum
1059 1569 1140 1608 mon-

186 1639 303 1692 stratur.
349 1631 439 1698 Quod
461 1633 548 1711 plane
567 1641 598 1690 et
617 1632 709 1712 ipsius
725 1633 820 1691 sancti
834 1632 999 1701 cuthberti,
1014 1643 1044 1692 et
1061 1635 1141 1713 ipso·

143 1733 173 1776 15
186 1737 248 1775 rum
268 1738 386 1796 quoque
405 1718 525 1788 meritis,
540 1719 590 1797 qui
605 1719 697 1797 ipsius
713 1717 778 1776 libri
798 1717 937 1776 authores
957 1720 1140 1790 exstiterant,

186 1811 301 1879 gestum
321 1802 459 1873 creditur,
479 1803 624 1873 Eadfridt
638 1804 786 1873 videlicet,
801 1804 975 1862 venerandae
994 1807 1141 1866 nremoriae

186 1888 330 1968 episcopi,
359 1890 410 1966 qui
437 1890 515 1948 hunc
544 1891 573 1947 in
601 1890 739 1948 honorem
767 1890 845 1947 beati
873 1887 1027 1948 (luthberti
1054 1911 1140 1950 manu

187 1975 303 2052 propria
317 1975 484 2053 scripserat,
500 1975 682 2033 successoris
694 1995 811 2052 quoque
823 1973 956 2053 ejusdem
967 1977 1141 2035 venerabilis

186 2058 378 2128 Ethelwoldi‚
392 2061 444 2138 qui
457 2081 528 2119 auro
544 2061 724 2138 gemmisque
738 2061 885 2138 perornari
892 2063 1034 2139 jusserat,
1047 2063 1142 2121 saneti

141 2159 174 2205 20
186 2145 274 2202 etiam
290 2144 407 2204 Bilfridi
422 2147 610 2216 anachoritae,
625 2146 676 2224 qui
692 2156 763 2204 vota
775 2146 909 2223 jubentis
929 2167 1015 2206 mauu
1037 2147 1142 2206 artilici

185 2240 372 2308 prosecutus,
388 2231 537 2308 egregium
552 2252 628 2310 opus
646 2239 873 2310 composuerat:
895 2240 958 2290 erat
974 2233 1050 2290 enim
1065 2235 1141 2292 auri-

184 2314 246 2374 ficii
260 2324 321 2375 arte
335 2316 514 2396 praecipuus.
557 2316 604 2375 Hi
625 2317 733 2395 pariter
751 2336 850 2375 amore
865 2315 966 2376 dilecti
985 2316 1052 2376 Deo
1071 2338 1141 2377 con·

185 2400 306 2461 sessoris
329 2411 359 2461 et
383 2401 530 2481 pontilicis
553 2402 711 2476 ferventes,
734 2421 816 2459 suam
838 2421 908 2478 erga
931 2403 1027 2482 ipsum
1049 2403 1141 2461 devo-

183 2487 290 2546 tionem
305 2489 431 2568 posteris
442 2488 577 2547 omnibus
588 2487 827 2547 innotescendam
843 2487 900 2546 hoc
914 2507 1001 2568 opere
1015 2488 1141 2569 relique-

140 2588 172 2633 25
184 2580 261 2633 runt.

462 2830 620 2890 CAPUT
641 2829 860 2891 TERTIUM.

186 3007 199 3075 ξ
223 3007 274 3061 10.
317 3000 399 3060 CUM
426 3021 496 3079 ergo
521 3010 551 3060 et
578 3001 694 3080 corpori
719 3021 772 3060 sno
801 2999 901 3060 sedern
928 2998 1093 3079 providere,
1113 3005 1143 3058 et
1161 3009 1305 3061 A.D.883.

185 3087 345 3146 servientes
370 3087 428 3145 sibi
451 3107 469 3145 a
490 3087 579 3165 longo
602 3107 653 3166 per·
676 3094 789 3166 septem
813 3106 905 3145 annos
930 3084 1031 3144 labore
1052 3085 1142 3144 vellet
1160 3075 1315 3169 {leflsslggdt’gffl

183 3172 339 3251 respirare,
360 3192 412 3230 rex
433 3173 540 3250 impius
559 3171 700 3230 Haldeue
720 3171 901 3230 crudelitatis
916 3192 989 3240 suae,
1004 3190 1092 3248 quarn
1111 3172 1140 3229 in
1160 3181 1239 3219 throne·

141 3274 173 3319 30
184 3257 342 3317 ecclesiam
357 3258 448 3336 ipsius
464 3258 569 3327 sancti,
584 3266 742 3335 ceteraque
757 3267 925 3317 sanctorum
939 3257 1008 3315 loca
1018 3276 1150 3315 exerens

184 3351 258 3413 erat,
269 3343 440 3413 vindictam,
453 3342 521 3403 Deo
531 3342 659 3413 vindice,
670 3343 827 3422 persolvit.¹
856 3341 938 3402 Nam
950 3361 1016 3401 oum
1027 3343 1142 3401 insania

185 3429 291 3488 mentis
313 3429 504 3506 gravissimus
525 3448 633 3507 corpus
657 3429 722 3506 ejus
747 3428 856 3487 invasit
882 3429 1040 3497 cruciatus,
1063 3428 1140 3486 unde

183 3514 274 3576 etiarn
303 3513 390 3573 foetor
424 3514 566 3573 exhalans
593 3513 793 3583 intolerabilis,
821 3514 876 3572 toti
903 3534 970 3572 eum
998 3514 1140 3572 exercitui

183 3598 314 3659 reddidit
334 3620 469 3659 exosum.
512 3598 687 3658 Contemtus
711 3620 781 3676 ergo
807 3600 845 3657 ab
869 3600 1004 3657 omnibus
1026 3608 1055 3657 et
1072 3619 1140 3676 pro·

141 3701 172 3746 35
178 3687 292 3764 jactus,
309 3704 378 3744 cum
395 3686 488 3745 tribus
509 3694 621 3744 tanturn
640 3684 764 3744 navibus
779 3683 816 3743 de
833 3684 909 3742 Tina
926 3683 1065 3762 profugit,
1083 3703 1139 3742 nec

184 3771 278 3830 multo
297 3779 367 3850 post
384 3790 452 3830 cum
473 3771 536 3830 suis
550 3770 684 3829 omnibus
699 3771 794 3850 periit.
836 3768 899 3828 His
917 3770 959 3827 ita
979 3768 1081 3846 gestis,
1100 3768 1140 3827 ad

221 4002 240 4033 ¹⁰
256 3998 353 4072 Libra]
389 4003 452 4051 This
466 4002 532 4051 book
552 4003 574 4051 is
587 4016 645 4050 now
678 4000 820 4062 frequently
828 3998 879 4048 and
887 4011 916 4047 ao
924 3997 984 4046 well
994 3997 1139 4061 described,

183 4073 646 4136 depositedintheBritishMuseum‚
678 4072 735 4121 that
751 4084 800 4131 any
818 4068 917 4117 further
935 4069 1019 4116 notice
1037 4068 1060 4115 is
1077 4066 1139 4116 here

184 4151 304 4208 amongst
328 4145 372 4193 the
404 4145 540 4194 Cottonian
568 4143 646 4193 Mss.
679 4154 859 4201 unnecessary.
894 4139 944 4188 See
970 4138 1013 4187 the
1036 4143 1140 4200 present

185 4217 268 4281 Nero,
293 4217 327 4266 D.
347 4228 385 4265 ιν.
422 4215 448 4264 lt
471 4214 518 4264 has
537 4215 602 4263 been
619 4227 648 4262 so
679 4212 791 4274 volume,
803 4226 829 4274 p.
838 4214 881 4272 46,
893 4214 952 4258 note
963 4205 982 4258 ².
