<?xml version="1.0" encoding="UTF-8"?>
<!DOCTYPE html PUBLIC "-//W3C//DTD XHTML 1.0 Transitional//EN"
    "http://www.w3.org/TR/xhtml1/DTD/xhtml1-transitional.dtd">
<html xmlns="http://www.w3.org/1999/xhtml" xml:lang="en" lang="en">
 <head>
  <title>
</title>
<meta http-equiv="Content-Type" content="text/html;charset=utf-8" />
  <meta name='ocr-system' content='tesseract 3.04.00' />
  <meta name='ocr-capabilities' content='ocr_page ocr_carea ocr_par ocr_line ocrx_word'/>
</head>
<body>
  <div class='ocr_page' id='page_1' title='image "./venerabilisbeda00bedegoog_0092.png"; bbox 0 0 2850 4890; ppageno 0'>
   <div class='ocr_carea' id='block_1_1' title="bbox 463 327 1151 395">
    <p class='ocr_par' dir='ltr' id='par_1_1' title="bbox 463 327 1151 395">
     <span class='ocr_line' id='line_1_1' title="bbox 463 327 1151 395; baseline -0.006 -3"><span class='ocrx_word' id='word_1_1' title='bbox 463 345 641 395; x_wconf 70' lang='lat' dir='ltr'><strong>sucronu</strong></span> <span class='ocrx_word' id='word_1_2' title='bbox 661 346 748 393; x_wconf 86' lang='lat' dir='ltr'><strong>vnu.</strong></span> <span class='ocrx_word' id='word_1_3' title='bbox 767 346 879 392; x_wconf 71' lang='lat' dir='ltr'><strong>nunu.</strong></span> <span class='ocrx_word' id='word_1_4' title='bbox 1109 327 1151 389; x_wconf 83' lang='lat'><strong>71</strong></span> 
     </span>
    </p>
   </div>
   <div class='ocr_carea' id='block_1_2' title="bbox 192 499 1311 586">
    <p class='ocr_par' dir='ltr' id='par_1_2' title="bbox 192 499 1311 586">
     <span class='ocr_line' id='line_1_2' title="bbox 192 499 1311 586; baseline -0.004 -23"><span class='ocrx_word' id='word_1_5' title='bbox 192 499 390 578; x_wconf 88' lang='lat' dir='ltr'><strong>accidentis,</strong></span> <span class='ocrx_word' id='word_1_6' title='bbox 410 501 454 566; x_wconf 89' lang='lat' dir='ltr'><strong>ad</strong></span> <span class='ocrx_word' id='word_1_7' title='bbox 475 508 598 566; x_wconf 87' lang='lat' dir='ltr'><strong>terram</strong></span> <span class='ocrx_word' id='word_1_8' title='bbox 619 502 806 582; x_wconf 84' lang='lat' dir='ltr'><strong>Pictorum,</strong></span> <span class='ocrx_word' id='word_1_9' title='bbox 826 523 905 586; x_wconf 85' lang='lat' dir='ltr'><strong>quae</strong></span> <span class='ocrx_word' id='word_1_10' title='bbox 926 502 1074 567; x_wconf 89' lang='lat' dir='ltr'><strong>Niduari</strong></span> <span class='ocrx_word' id='word_1_11' title='bbox 1093 522 1153 567; x_wconf 91' lang='lat' dir='ltr'><strong>vo·</strong></span> <span class='ocrx_word' id='word_1_12' title='bbox 1168 509 1311 559; x_wconf 62' lang='lat' dir='ltr'><strong>anaor.</strong></span> 
     </span>
    </p>
   </div>
   <div class='ocr_carea' id='block_1_3' title="bbox 152 601 1167 3509">
    <p class='ocr_par' dir='ltr' id='par_1_3' title="bbox 152 601 1167 3509">
     <span class='ocr_line' id='line_1_3' title="bbox 192 601 1153 684; baseline 0.004 -21"><span class='ocrx_word' id='word_1_13' title='bbox 192 608 301 679; x_wconf 88' lang='lat' dir='ltr'><strong>catur,</strong></span> <span class='ocrx_word' id='word_1_14' title='bbox 315 601 511 684; x_wconf 81' lang='lat' dir='ltr'><strong>navigando</strong></span> <span class='ocrx_word' id='word_1_15' title='bbox 526 604 694 684; x_wconf 88' lang='lat' dir='ltr'><strong>pervenit,</strong></span> <span class='ocrx_word' id='word_1_16' title='bbox 710 605 953 669; x_wconf 86' lang='lat' dir='ltr'><strong>comitantibus</strong></span> <span class='ocrx_word' id='word_1_17' title='bbox 973 623 1049 666; x_wconf 92' lang='lat' dir='ltr'><strong>eum</strong></span> <span class='ocrx_word' id='word_1_18' title='bbox 1069 602 1153 667; x_wconf 91' lang='lat' dir='ltr'><strong>duo·</strong></span> 
     </span>
     <span class='ocr_line' id='line_1_4' title="bbox 192 701 1152 787; baseline 0.001 -22"><span class='ocrx_word' id='word_1_19' title='bbox 192 701 258 765; x_wconf 90' lang='lat' dir='ltr'><strong>bus</strong></span> <span class='ocrx_word' id='word_1_20' title='bbox 278 722 297 765; x_wconf 93' lang='lat' dir='ltr'><strong>e</strong></span> <span class='ocrx_word' id='word_1_21' title='bbox 322 702 404 767; x_wconf 87' lang='lat' dir='ltr'><strong>Frat</strong></span> <span class='ocrx_word' id='word_1_22' title='bbox 390 703 511 783; x_wconf 77' lang='lat' dir='ltr'><strong>tribuS,</strong></span> <span class='ocrx_word' id='word_1_23' title='bbox 531 723 674 786; x_wconf 89' lang='lat' dir='ltr'><strong>quorum</strong></span> <span class='ocrx_word' id='word_1_24' title='bbox 695 725 784 769; x_wconf 91' lang='lat' dir='ltr'><strong>unus</strong></span> <span class='ocrx_word' id='word_1_25' title='bbox 804 711 928 787; x_wconf 90' lang='lat' dir='ltr'><strong>postea</strong></span> <span class='ocrx_word' id='word_1_26' title='bbox 949 703 1152 787; x_wconf 86' lang='lat' dir='ltr'><strong>presbyterii</strong></span> 
     </span>
     <span class='ocr_line' id='line_1_5' title="bbox 192 801 1155 889; baseline 0.002 -23"><span class='ocrx_word' id='word_1_27' title='bbox 192 801 331 866; x_wconf 86' lang='lat' dir='ltr'><strong>functus</strong></span> <span class='ocrx_word' id='word_1_28' title='bbox 350 803 461 868; x_wconf 91' lang='lat' dir='ltr'><strong>officio</strong></span> <span class='ocrx_word' id='word_1_29' title='bbox 476 805 638 870; x_wconf 89' lang='lat' dir='ltr'><strong>virtutem</strong></span> <span class='ocrx_word' id='word_1_30' title='bbox 657 807 822 884; x_wconf 84' lang='lat' dir='ltr'><strong>miraculi,</strong></span> <span class='ocrx_word' id='word_1_31' title='bbox 837 825 940 889; x_wconf 89' lang='lat' dir='ltr'><strong>quam</strong></span> <span class='ocrx_word' id='word_1_32' title='bbox 961 806 1087 871; x_wconf 87' lang='lat' dir='ltr'><strong>ibidem</strong></span> <span class='ocrx_word' id='word_1_33' title='bbox 1103 805 1155 869; x_wconf 91' lang='lat' dir='ltr'><strong>vir</strong></span> 
     </span>
     <span class='ocr_line' id='line_1_6' title="bbox 164 903 1153 988; baseline 0.002 -22"><span class='ocrx_word' id='word_1_34' title='bbox 164 903 336 971; x_wconf 77' lang='lat' dir='ltr'><strong>eDomini</strong></span> <span class='ocrx_word' id='word_1_35' title='bbox 364 907 579 986; x_wconf 87' lang='lat' dir='ltr'><strong>monstravit,</strong></span> <span class='ocrx_word' id='word_1_36' title='bbox 555 908 790 972; x_wconf 90' lang='lat' dir='ltr'><strong>tmultorum</strong></span> <span class='ocrx_word' id='word_1_37' title='bbox 815 907 948 972; x_wconf 88' lang='lat' dir='ltr'><strong>notitiae</strong></span> <span class='ocrx_word' id='word_1_38' title='bbox 977 905 1153 988; x_wconf 81' lang='lat' dir='ltr'><strong>patefecit</strong></span> 
     </span>
     <span class='ocr_line' id='line_1_7' title="bbox 193 1004 1154 1090; baseline 0 -21"><span class='ocrx_word' id='word_1_39' title='bbox 193 1004 373 1071; x_wconf 83' lang='lat' dir='ltr'><strong>Venerunt</strong></span> <span class='ocrx_word' id='word_1_40' title='bbox 391 1016 507 1070; x_wconf 90' lang='lat' dir='ltr'><strong>autem</strong></span> <span class='ocrx_word' id='word_1_41' title='bbox 526 1007 586 1072; x_wconf 92' lang='lat' dir='ltr'><strong>illo</strong></span> <span class='ocrx_word' id='word_1_42' title='bbox 607 1016 688 1090; x_wconf 93' lang='lat' dir='ltr'><strong>post</strong></span> <span class='ocrx_word' id='word_1_43' title='bbox 707 1008 845 1072; x_wconf 88' lang='lat' dir='ltr'><strong>Natalis</strong></span> <span class='ocrx_word' id='word_1_44' title='bbox 861 1007 1033 1072; x_wconf 89' lang='lat' dir='ltr'><strong>Dominici</strong></span> <span class='ocrx_word' id='word_1_45' title='bbox 1054 1007 1154 1084; x_wconf 91' lang='lat' dir='ltr'><strong>diem,</strong></span> 
     </span>
     <span class='ocr_line' id='line_1_8' title="bbox 194 1109 1154 1190; baseline 0.001 -21"><span class='ocrx_word' id='word_1_46' title='bbox 194 1113 373 1188; x_wconf 85' lang='lat' dir='ltr'><strong>sperantes</strong></span> <span class='ocrx_word' id='word_1_47' title='bbox 402 1127 450 1184; x_wconf 91' lang='lat' dir='ltr'><strong>se,</strong></span> <span class='ocrx_word' id='word_1_48' title='bbox 479 1109 562 1190; x_wconf 89' lang='lat' dir='ltr'><strong>quia</strong></span> <span class='ocrx_word' id='word_1_49' title='bbox 595 1109 763 1173; x_wconf 89' lang='lat' dir='ltr'><strong>undamm</strong></span> <span class='ocrx_word' id='word_1_50' title='bbox 793 1109 894 1172; x_wconf 89' lang='lat' dir='ltr'><strong>simul</strong></span> <span class='ocrx_word' id='word_1_51' title='bbox 928 1114 963 1171; x_wconf 91' lang='lat' dir='ltr'><strong>et</strong></span> <span class='ocrx_word' id='word_1_52' title='bbox 995 1127 1154 1171; x_wconf 88' lang='lat' dir='ltr'><strong>aurarum</strong></span> 
     </span>
     <span class='ocr_line' id='line_1_9' title="bbox 195 1206 1155 1289; baseline 0 -19"><span class='ocrx_word' id='word_1_53' title='bbox 195 1206 370 1271; x_wconf 86' lang='lat' dir='ltr'><strong>arridebat</strong></span> <span class='ocrx_word' id='word_1_54' title='bbox 385 1208 578 1289; x_wconf 70' lang='lat' dir='ltr'><strong>temperies</strong></span> <span class='ocrx_word' id='word_1_55' title='bbox 589 1209 693 1272; x_wconf 89' lang='lat' dir='ltr'><strong>citius</strong></span> <span class='ocrx_word' id='word_1_56' title='bbox 709 1228 785 1273; x_wconf 87' lang='lat' dir='ltr'><strong>esse</strong></span> <span class='ocrx_word' id='word_1_57' title='bbox 799 1208 967 1272; x_wconf 85' lang='lat' dir='ltr'><strong>redituros</strong></span> <span class='ocrx_word' id='word_1_58' title='bbox 980 1229 988 1287; x_wconf 93' lang='lat'>;</span> <span class='ocrx_word' id='word_1_59' title='bbox 1010 1208 1155 1289; x_wconf 88' lang='lat' dir='ltr'><strong>ideoque</strong></span> 
     </span>
     <span class='ocr_line' id='line_1_10' title="bbox 194 1307 1155 1391; baseline 0 -22"><span class='ocrx_word' id='word_1_60' title='bbox 194 1327 259 1370; x_wconf 90' lang='lat' dir='ltr'><strong>nec</strong></span> <span class='ocrx_word' id='word_1_61' title='bbox 274 1307 404 1371; x_wconf 89' lang='lat' dir='ltr'><strong>cibaria</strong></span> <span class='ocrx_word' id='word_1_62' title='bbox 419 1327 535 1372; x_wconf 90' lang='lat' dir='ltr'><strong>secum</strong></span> <span class='ocrx_word' id='word_1_63' title='bbox 550 1309 670 1387; x_wconf 88' lang='lat' dir='ltr'><strong>tulere,</strong></span> <span class='ocrx_word' id='word_1_64' title='bbox 685 1316 850 1391; x_wconf 89' lang='lat' dir='ltr'><strong>tanquam</strong></span> <span class='ocrx_word' id='word_1_65' title='bbox 866 1309 961 1374; x_wconf 88' lang='lat' dir='ltr'><strong>ocius</strong></span> <span class='ocrx_word' id='word_1_66' title='bbox 980 1307 1155 1373; x_wconf 87' lang='lat' dir='ltr'><strong>reversuri.</strong></span> 
     </span>
     <span class='ocr_line' id='line_1_11' title="bbox 152 1407 1156 1492; baseline -0.001 -21"><span class='ocrx_word' id='word_1_67' title='bbox 152 1427 185 1472; x_wconf 86' lang='lat' dir='ltr'><strong>ro</strong></span> <span class='ocrx_word' id='word_1_68' title='bbox 198 1407 268 1472; x_wconf 90' lang='lat' dir='ltr'><strong>Sed</strong></span> <span class='ocrx_word' id='word_1_69' title='bbox 292 1408 393 1490; x_wconf 84' lang='lat' dir='ltr'><strong>longe</strong></span> <span class='ocrx_word' id='word_1_70' title='bbox 423 1409 531 1486; x_wconf 89' lang='lat' dir='ltr'><strong>aliter,</strong></span> <span class='ocrx_word' id='word_1_71' title='bbox 558 1430 661 1492; x_wconf 91' lang='lat' dir='ltr'><strong>quam</strong></span> <span class='ocrx_word' id='word_1_72' title='bbox 686 1411 868 1492; x_wconf 87' lang='lat' dir='ltr'><strong>putabant,</strong></span> <span class='ocrx_word' id='word_1_73' title='bbox 893 1409 1018 1473; x_wconf 90' lang='lat' dir='ltr'><strong>evenit.</strong></span> <span class='ocrx_word' id='word_1_74' title='bbox 1064 1407 1156 1472; x_wconf 89' lang='lat' dir='ltr'><strong>Nam</strong></span> 
     </span>
     <span class='ocr_line' id='line_1_12' title="bbox 196 1509 1157 1592; baseline 0.001 -20"><span class='ocrx_word' id='word_1_75' title='bbox 196 1527 280 1573; x_wconf 87' lang='lat' dir='ltr'><strong>mox</strong></span> <span class='ocrx_word' id='word_1_76' title='bbox 294 1517 331 1574; x_wconf 91' lang='lat' dir='ltr'><strong>ut</strong></span> <span class='ocrx_word' id='word_1_77' title='bbox 348 1518 471 1574; x_wconf 88' lang='lat' dir='ltr'><strong>terram</strong></span> <span class='ocrx_word' id='word_1_78' title='bbox 486 1510 638 1592; x_wconf 86' lang='lat' dir='ltr'><strong>tetigere,</strong></span> <span class='ocrx_word' id='word_1_79' title='bbox 650 1517 838 1592; x_wconf 87' lang='lat' dir='ltr'><strong>tempestas</strong></span> <span class='ocrx_word' id='word_1_80' title='bbox 851 1509 924 1574; x_wconf 89' lang='lat' dir='ltr'><strong>fera</strong></span> <span class='ocrx_word' id='word_1_81' title='bbox 940 1510 1080 1573; x_wconf 88' lang='lat' dir='ltr'><strong>suborta</strong></span> <span class='ocrx_word' id='word_1_82' title='bbox 1091 1517 1157 1586; x_wconf 88' lang='lat' dir='ltr'><strong>est,</strong></span> 
     </span>
     <span class='ocr_line' id='line_1_13' title="bbox 197 1609 1156 1693; baseline 0 -20"><span class='ocrx_word' id='word_1_83' title='bbox 197 1629 276 1692; x_wconf 89' lang='lat' dir='ltr'><strong>quae</strong></span> <span class='ocrx_word' id='word_1_84' title='bbox 291 1610 356 1674; x_wconf 92' lang='lat' dir='ltr'><strong>iter</strong></span> <span class='ocrx_word' id='word_1_85' title='bbox 369 1611 420 1674; x_wconf 90' lang='lat' dir='ltr'><strong>eis</strong></span> <span class='ocrx_word' id='word_1_86' title='bbox 434 1630 533 1674; x_wconf 89' lang='lat' dir='ltr'><strong>omne</strong></span> <span class='ocrx_word' id='word_1_87' title='bbox 548 1611 720 1675; x_wconf 88' lang='lat' dir='ltr'><strong>remeandi</strong></span> <span class='ocrx_word' id='word_1_88' title='bbox 735 1610 968 1693; x_wconf 81' lang='lat' dir='ltr'><strong>praecluderet.</strong></span> <span class='ocrx_word' id='word_1_89' title='bbox 1003 1609 1156 1691; x_wconf 88' lang='lat' dir='ltr'><strong>Cumque</strong></span> 
     </span>
     <span class='ocr_line' id='line_1_14' title="bbox 197 1709 1157 1797; baseline 0 -24"><span class='ocrx_word' id='word_1_90' title='bbox 197 1729 259 1797; x_wconf 89' lang='lat' dir='ltr'><strong>per</strong></span> <span class='ocrx_word' id='word_1_91' title='bbox 288 1710 361 1774; x_wconf 91' lang='lat' dir='ltr'><strong>dies</strong></span> <span class='ocrx_word' id='word_1_92' title='bbox 392 1711 523 1794; x_wconf 83' lang='lat' dir='ltr'><strong>aliquot</strong></span> <span class='ocrx_word' id='word_1_93' title='bbox 551 1712 678 1776; x_wconf 90' lang='lat' dir='ltr'><strong>ibidem</strong></span> <span class='ocrx_word' id='word_1_94' title='bbox 707 1713 798 1775; x_wconf 88' lang='lat' dir='ltr'><strong>inter</strong></span> <span class='ocrx_word' id='word_1_95' title='bbox 825 1711 926 1776; x_wconf 85' lang='lat' dir='ltr'><strong>samis</strong></span> <span class='ocrx_word' id='word_1_96' title='bbox 958 1718 994 1774; x_wconf 92' lang='lat' dir='ltr'><strong>et</strong></span> <span class='ocrx_word' id='word_1_97' title='bbox 1024 1709 1157 1791; x_wconf 85' lang='lat' dir='ltr'><strong>frigoris</strong></span> 
     </span>
     <span class='ocr_line' id='line_1_15' title="bbox 198 1811 1159 1895; baseline -0.002 -21"><span class='ocrx_word' id='word_1_98' title='bbox 198 1811 352 1892; x_wconf 91' lang='lat' dir='ltr'><strong>pericula</strong></span> <span class='ocrx_word' id='word_1_99' title='bbox 366 1812 533 1890; x_wconf 88' lang='lat' dir='ltr'><strong>taberent,</strong></span> <span class='ocrx_word' id='word_1_100' title='bbox 547 1832 615 1894; x_wconf 90' lang='lat' dir='ltr'><strong>quo</strong></span> <span class='ocrx_word' id='word_1_101' title='bbox 631 1820 747 1876; x_wconf 89' lang='lat' dir='ltr'><strong>tamen</strong></span> <span class='ocrx_word' id='word_1_102' title='bbox 762 1820 912 1895; x_wconf 90' lang='lat' dir='ltr'><strong>tempore</strong></span> <span class='ocrx_word' id='word_1_103' title='bbox 933 1813 985 1877; x_wconf 90' lang='lat' dir='ltr'><strong>vir</strong></span> <span class='ocrx_word' id='word_1_104' title='bbox 1002 1811 1070 1876; x_wconf 91' lang='lat' dir='ltr'><strong>Dei</strong></span> <span class='ocrx_word' id='word_1_105' title='bbox 1089 1829 1159 1874; x_wconf 91' lang='lat' dir='ltr'><strong>non</strong></span> 
     </span>
     <span class='ocr_line' id='line_1_16' title="bbox 155 1912 1160 1995; baseline 0.002 -21"><span class='ocrx_word' id='word_1_106' title='bbox 155 1930 186 1974; x_wconf 78' lang='lat'><strong>15</strong></span> <span class='ocrx_word' id='word_1_107' title='bbox 198 1912 351 1976; x_wconf 87' lang='lat' dir='ltr'><strong>marcida</strong></span> <span class='ocrx_word' id='word_1_108' title='bbox 367 1913 454 1976; x_wconf 85' lang='lat' dir='ltr'><strong>luxu</strong></span> <span class='ocrx_word' id='word_1_109' title='bbox 474 1913 547 1978; x_wconf 90' lang='lat' dir='ltr'><strong>otia</strong></span> <span class='ocrx_word' id='word_1_110' title='bbox 564 1933 691 1995; x_wconf 86' lang='lat' dir='ltr'><strong>gerere,</strong></span> <span class='ocrx_word' id='word_1_111' title='bbox 706 1934 769 1978; x_wconf 90' lang='lat' dir='ltr'><strong>neo</strong></span> <span class='ocrx_word' id='word_1_112' title='bbox 784 1914 913 1978; x_wconf 89' lang='lat' dir='ltr'><strong>somnis</strong></span> <span class='ocrx_word' id='word_1_113' title='bbox 928 1933 1053 1978; x_wconf 87' lang='lat' dir='ltr'><strong>vacare</strong></span> <span class='ocrx_word' id='word_1_114' title='bbox 1068 1912 1160 1976; x_wconf 90' lang='lat' dir='ltr'><strong>vole-</strong></span> 
     </span>
     <span class='ocr_line' id='line_1_17' title="bbox 199 2013 1159 2097; baseline 0 -20"><span class='ocrx_word' id='word_1_115' title='bbox 199 2014 261 2077; x_wconf 85' lang='lat' dir='ltr'><strong>bat</strong></span> <span class='ocrx_word' id='word_1_116' title='bbox 286 2014 462 2092; x_wconf 89' lang='lat' dir='ltr'><strong>inertibus,</strong></span> <span class='ocrx_word' id='word_1_117' title='bbox 492 2013 553 2077; x_wconf 90' lang='lat' dir='ltr'><strong>sed</strong></span> <span class='ocrx_word' id='word_1_118' title='bbox 582 2034 715 2097; x_wconf 86' lang='lat' dir='ltr'><strong>pernox</strong></span> <span class='ocrx_word' id='word_1_119' title='bbox 744 2015 780 2077; x_wconf 94' lang='lat' dir='ltr'><strong>in</strong></span> <span class='ocrx_word' id='word_1_120' title='bbox 813 2015 968 2079; x_wconf 92' lang='lat' dir='ltr'><strong>oratione</strong></span> <span class='ocrx_word' id='word_1_121' title='bbox 1004 2020 1159 2096; x_wconf 88' lang='lat' dir='ltr'><strong>perstare</strong></span> 
     </span>
     <span class='ocr_line' id='line_1_18' title="bbox 200 2112 1160 2195; baseline 0 -18"><span class='ocrx_word' id='word_1_122' title='bbox 200 2116 402 2195; x_wconf 83' lang='lat' dir='ltr'><strong>satagebat3</strong></span> <span class='ocrx_word' id='word_1_123' title='bbox 433 2114 554 2179; x_wconf 86' lang='lat' dir='ltr'><strong>aderat</strong></span> <span class='ocrx_word' id='word_1_124' title='bbox 578 2115 812 2179; x_wconf 87' lang='lat' dir='ltr'><strong>sacratissima</strong></span> <span class='ocrx_word' id='word_1_125' title='bbox 827 2115 1019 2192; x_wconf 84' lang='lat' dir='ltr'><strong>Dominicae</strong></span> <span class='ocrx_word' id='word_1_126' title='bbox 1040 2112 1160 2195; x_wconf 88' lang='lat' dir='ltr'><strong>Appa-</strong></span> 
     </span>
     <span class='ocr_line' id='line_1_19' title="bbox 201 2214 1161 2298; baseline 0.002 -22"><span class='ocrx_word' id='word_1_127' title='bbox 201 2215 335 2279; x_wconf 89' lang='lat' dir='ltr'><strong>ritionis</strong></span> <span class='ocrx_word' id='word_1_128' title='bbox 350 2215 432 2278; x_wconf 90' lang='lat' dir='ltr'><strong>dies.</strong></span> <span class='ocrx_word' id='word_1_129' title='bbox 478 2215 566 2277; x_wconf 89' lang='lat' dir='ltr'><strong>Tum</strong></span> <span class='ocrx_word' id='word_1_130' title='bbox 581 2215 639 2278; x_wconf 91' lang='lat' dir='ltr'><strong>ille</strong></span> <span class='ocrx_word' id='word_1_131' title='bbox 654 2215 767 2279; x_wconf 89' lang='lat' dir='ltr'><strong>socios</strong></span> <span class='ocrx_word' id='word_1_132' title='bbox 783 2215 921 2293; x_wconf 87' lang='lat' dir='ltr'><strong>blando,</strong></span> <span class='ocrx_word' id='word_1_133' title='bbox 935 2223 974 2278; x_wconf 90' lang='lat' dir='ltr'><strong>ut</strong></span> <span class='ocrx_word' id='word_1_134' title='bbox 988 2214 1161 2298; x_wconf 87' lang='lat' dir='ltr'><strong>jocundus</strong></span> 
     </span>
     <span class='ocr_line' id='line_1_20' title="bbox 203 2314 1162 2399; baseline -0.002 -20"><span class='ocrx_word' id='word_1_135' title='bbox 203 2323 307 2398; x_wconf 91' lang='lat' dir='ltr'><strong>atque</strong></span> <span class='ocrx_word' id='word_1_136' title='bbox 334 2315 482 2380; x_wconf 89' lang='lat' dir='ltr'><strong>affabilis</strong></span> <span class='ocrx_word' id='word_1_137' title='bbox 503 2324 588 2392; x_wconf 90' lang='lat' dir='ltr'><strong>erat,</strong></span> <span class='ocrx_word' id='word_1_138' title='bbox 612 2336 767 2380; x_wconf 89' lang='lat' dir='ltr'><strong>sermone</strong></span> <span class='ocrx_word' id='word_1_139' title='bbox 794 2317 991 2399; x_wconf 88' lang='lat' dir='ltr'><strong>alloquitur.</strong></span> <span class='ocrx_word' id='word_1_140' title='bbox 1045 2314 1162 2394; x_wconf 83' lang='lat' dir='ltr'><strong>‘Quid</strong></span> 
     </span>
     <span class='ocr_line' id='line_1_21' title="bbox 158 2417 1162 2498; baseline -0.003 -18"><span class='ocrx_word' id='word_1_141' title='bbox 158 2436 191 2480; x_wconf 77' lang='lat' dir='ltr'><strong>ro</strong></span> <span class='ocrx_word' id='word_1_142' title='bbox 203 2436 285 2498; x_wconf 86' lang='lat' dir='ltr'><strong>rogo</strong></span> <span class='ocrx_word' id='word_1_143' title='bbox 309 2422 407 2480; x_wconf 90' lang='lat' dir='ltr'><strong>tanta</strong></span> <span class='ocrx_word' id='word_1_144' title='bbox 432 2417 572 2498; x_wconf 85' lang='lat' dir='ltr'><strong>ignavia</strong></span> <span class='ocrx_word' id='word_1_145' title='bbox 595 2425 781 2498; x_wconf 87' lang='lat' dir='ltr'><strong>torpemus,</strong></span> <span class='ocrx_word' id='word_1_146' title='bbox 807 2424 841 2480; x_wconf 87' lang='lat' dir='ltr'><strong>et</strong></span> <span class='ocrx_word' id='word_1_147' title='bbox 861 2436 930 2479; x_wconf 91' lang='lat' dir='ltr'><strong>non</strong></span> <span class='ocrx_word' id='word_1_148' title='bbox 958 2434 1162 2498; x_wconf 90' lang='lat' dir='ltr'><strong>quacunque</strong></span> 
     </span>
     <span class='ocr_line' id='line_1_22' title="bbox 203 2517 1164 2600; baseline -0.001 -20"><span class='ocrx_word' id='word_1_149' title='bbox 203 2524 302 2600; x_wconf 88' lang='lat' dir='ltr'><strong>parte</strong></span> <span class='ocrx_word' id='word_1_150' title='bbox 322 2517 387 2581; x_wconf 91' lang='lat' dir='ltr'><strong>iter</strong></span> <span class='ocrx_word' id='word_1_151' title='bbox 408 2518 530 2581; x_wconf 87' lang='lat' dir='ltr'><strong>salutis</strong></span> <span class='ocrx_word' id='word_1_152' title='bbox 550 2518 776 2599; x_wconf 66' lang='lat' dir='ltr'><strong>inquirimus?</strong></span> <span class='ocrx_word' id='word_1_153' title='bbox 821 2517 873 2579; x_wconf 90' lang='lat' dir='ltr'><strong>En</strong></span> <span class='ocrx_word' id='word_1_154' title='bbox 894 2517 995 2580; x_wconf 90' lang='lat' dir='ltr'><strong>tellus</strong></span> <span class='ocrx_word' id='word_1_155' title='bbox 1016 2517 1164 2593; x_wconf 90' lang='lat' dir='ltr'><strong>nivibus,</strong></span> 
     </span>
     <span class='ocr_line' id='line_1_23' title="bbox 203 2615 1164 2695; baseline 0.002 -16"><span class='ocrx_word' id='word_1_156' title='bbox 203 2618 339 2680; x_wconf 89' lang='lat' dir='ltr'><strong>nebulis</strong></span> <span class='ocrx_word' id='word_1_157' title='bbox 355 2618 479 2681; x_wconf 88' lang='lat' dir='ltr'><strong>coelum</strong></span> <span class='ocrx_word' id='word_1_158' title='bbox 494 2617 668 2694; x_wconf 88' lang='lat' dir='ltr'><strong>horrescit,</strong></span> <span class='ocrx_word' id='word_1_159' title='bbox 681 2637 739 2680; x_wconf 86' lang='lat' dir='ltr'><strong>aer</strong></span> <span class='ocrx_word' id='word_1_160' title='bbox 750 2617 889 2681; x_wconf 87' lang='lat' dir='ltr'><strong>flatibus</strong></span> <span class='ocrx_word' id='word_1_161' title='bbox 904 2615 1057 2681; x_wconf 88' lang='lat' dir='ltr'><strong>adversis</strong></span> <span class='ocrx_word' id='word_1_162' title='bbox 1071 2616 1164 2695; x_wconf 89' lang='lat' dir='ltr'><strong>furit,</strong></span> 
     </span>
     <span class='ocr_line' id='line_1_24' title="bbox 204 2718 1165 2802; baseline 0 -20"><span class='ocrx_word' id='word_1_163' title='bbox 204 2719 365 2783; x_wconf 86' lang='lat' dir='ltr'><strong>fluctibus</strong></span> <span class='ocrx_word' id='word_1_164' title='bbox 384 2738 524 2802; x_wconf 86' lang='lat' dir='ltr'><strong>aequor:</strong></span> <span class='ocrx_word' id='word_1_165' title='bbox 547 2719 616 2802; x_wconf 88' lang='lat' dir='ltr'><strong>ipsi</strong></span> <span class='ocrx_word' id='word_1_166' title='bbox 636 2720 754 2800; x_wconf 90' lang='lat' dir='ltr'><strong>inopia</strong></span> <span class='ocrx_word' id='word_1_167' title='bbox 774 2718 961 2795; x_wconf 88' lang='lat' dir='ltr'><strong>deficimus,</strong></span> <span class='ocrx_word' id='word_1_168' title='bbox 980 2737 1045 2781; x_wconf 91' lang='lat' dir='ltr'><strong>nec</strong></span> <span class='ocrx_word' id='word_1_169' title='bbox 1065 2719 1165 2783; x_wconf 87' lang='lat' dir='ltr'><strong>adest</strong></span> 
     </span>
     <span class='ocr_line' id='line_1_25' title="bbox 204 2818 1164 2905; baseline 0.001 -24"><span class='ocrx_word' id='word_1_170' title='bbox 204 2818 305 2882; x_wconf 92' lang='lat' dir='ltr'><strong>homo</strong></span> <span class='ocrx_word' id='word_1_171' title='bbox 321 2820 381 2905; x_wconf 92' lang='lat' dir='ltr'><strong>qui</strong></span> <span class='ocrx_word' id='word_1_172' title='bbox 395 2820 535 2884; x_wconf 91' lang='lat' dir='ltr'><strong>reficiat.</strong></span> <span class='ocrx_word' id='word_1_173' title='bbox 581 2818 763 2883; x_wconf 86' lang='lat' dir='ltr'><strong>Pulsemus</strong></span> <span class='ocrx_word' id='word_1_174' title='bbox 784 2837 863 2899; x_wconf 85' lang='lat' dir='ltr'><strong>ergo</strong></span> <span class='ocrx_word' id='word_1_175' title='bbox 885 2819 1071 2882; x_wconf 89' lang='lat' dir='ltr'><strong>Dominum</strong></span> <span class='ocrx_word' id='word_1_176' title='bbox 1088 2838 1164 2900; x_wconf 92' lang='lat' dir='ltr'><strong>pre-</strong></span> 
     </span>
     <span class='ocr_line' id='line_1_26' title="bbox 160 2918 1165 3004; baseline -0.001 -21"><span class='ocrx_word' id='word_1_177' title='bbox 160 2939 192 2983; x_wconf 76' lang='lat' dir='ltr'><strong>ns</strong></span> <span class='ocrx_word' id='word_1_178' title='bbox 205 2921 313 2997; x_wconf 92' lang='lat' dir='ltr'><strong>cibus,</strong></span> <span class='ocrx_word' id='word_1_179' title='bbox 328 2921 388 3002; x_wconf 93' lang='lat' dir='ltr'><strong>qui</strong></span> <span class='ocrx_word' id='word_1_180' title='bbox 404 2940 467 2985; x_wconf 93' lang='lat' dir='ltr'><strong>suo</strong></span> <span class='ocrx_word' id='word_1_181' title='bbox 483 2920 655 3004; x_wconf 88' lang='lat' dir='ltr'><strong>quondam</strong></span> <span class='ocrx_word' id='word_1_182' title='bbox 674 2920 802 3003; x_wconf 92' lang='lat' dir='ltr'><strong>populo</strong></span> <span class='ocrx_word' id='word_1_183' title='bbox 817 2920 927 2984; x_wconf 89' lang='lat' dir='ltr'><strong>Maris</strong></span> <span class='ocrx_word' id='word_1_184' title='bbox 947 2918 1057 2983; x_wconf 89' lang='lat' dir='ltr'><strong>Rubri</strong></span> <span class='ocrx_word' id='word_1_185' title='bbox 1072 2921 1165 2985; x_wconf 85' lang='lat' dir='ltr'><strong>viam</strong></span> 
     </span>
     <span class='ocr_line' id='line_1_27' title="bbox 206 3020 1165 3104; baseline 0 -20"><span class='ocrx_word' id='word_1_186' title='bbox 206 3020 352 3102; x_wconf 85' lang='lat' dir='ltr'><strong>aperuit,</strong></span> <span class='ocrx_word' id='word_1_187' title='bbox 388 3040 534 3104; x_wconf 90' lang='lat' dir='ltr'><strong>eumque</strong></span> <span class='ocrx_word' id='word_1_188' title='bbox 571 3022 607 3083; x_wconf 92' lang='lat' dir='ltr'><strong>in</strong></span> <span class='ocrx_word' id='word_1_189' title='bbox 644 3021 778 3085; x_wconf 87' lang='lat' dir='ltr'><strong>deserto</strong></span> <span class='ocrx_word' id='word_1_190' title='bbox 816 3021 1017 3085; x_wconf 88' lang='lat' dir='ltr'><strong>mirabiliter</strong></span> <span class='ocrx_word' id='word_1_191' title='bbox 1058 3022 1165 3104; x_wconf 89' lang='lat' dir='ltr'><strong>pavit,</strong></span> 
     </span>
     <span class='ocr_line' id='line_1_28' title="bbox 208 3122 1164 3206; baseline -0.003 -19"><span class='ocrx_word' id='word_1_192' title='bbox 208 3128 345 3187; x_wconf 87' lang='lat' dir='ltr'><strong>orantes</strong></span> <span class='ocrx_word' id='word_1_193' title='bbox 367 3129 407 3185; x_wconf 90' lang='lat' dir='ltr'><strong>ut</strong></span> <span class='ocrx_word' id='word_1_194' title='bbox 429 3123 538 3185; x_wconf 90' lang='lat' dir='ltr'><strong>nostri</strong></span> <span class='ocrx_word' id='word_1_195' title='bbox 557 3141 693 3205; x_wconf 89' lang='lat' dir='ltr'><strong>quoque</strong></span> <span class='ocrx_word' id='word_1_196' title='bbox 713 3122 914 3187; x_wconf 89' lang='lat' dir='ltr'><strong>misereatur</strong></span> <span class='ocrx_word' id='word_1_197' title='bbox 938 3124 975 3188; x_wconf 91' lang='lat' dir='ltr'><strong>in</strong></span> <span class='ocrx_word' id='word_1_198' title='bbox 994 3122 1164 3206; x_wconf 89' lang='lat' dir='ltr'><strong>periculis.</strong></span> 
     </span>
     <span class='ocr_line' id='line_1_29' title="bbox 209 3223 1165 3302; baseline 0 -15"><span class='ocrx_word' id='word_1_199' title='bbox 209 3223 330 3300; x_wconf 84' lang='lat' dir='ltr'><strong>Credo,</strong></span> <span class='ocrx_word' id='word_1_200' title='bbox 353 3224 383 3287; x_wconf 90' lang='lat' dir='ltr'><strong>si</strong></span> <span class='ocrx_word' id='word_1_201' title='bbox 407 3244 476 3287; x_wconf 92' lang='lat' dir='ltr'><strong>non</strong></span> <span class='ocrx_word' id='word_1_202' title='bbox 497 3233 616 3288; x_wconf 90' lang='lat' dir='ltr'><strong>nostra</strong></span> <span class='ocrx_word' id='word_1_203' title='bbox 641 3223 725 3288; x_wconf 87' lang='lat' dir='ltr'><strong>fides</strong></span> <span class='ocrx_word' id='word_1_204' title='bbox 752 3225 892 3302; x_wconf 87' lang='lat' dir='ltr'><strong>titubat,</strong></span> <span class='ocrx_word' id='word_1_205' title='bbox 916 3244 985 3288; x_wconf 92' lang='lat' dir='ltr'><strong>non</strong></span> <span class='ocrx_word' id='word_1_206' title='bbox 1005 3224 1080 3290; x_wconf 84' lang='lat' dir='ltr'><strong>vult</strong></span> <span class='ocrx_word' id='word_1_207' title='bbox 1102 3243 1165 3287; x_wconf 87' lang='lat' dir='ltr'><strong>nos</strong></span> 
     </span>
     <span class='ocr_line' id='line_1_30' title="bbox 206 3325 1167 3408; baseline -0.003 -19"><span class='ocrx_word' id='word_1_208' title='bbox 206 3325 374 3391; x_wconf 90' lang='lat' dir='ltr'><strong>hodierna</strong></span> <span class='ocrx_word' id='word_1_209' title='bbox 388 3325 442 3388; x_wconf 92' lang='lat' dir='ltr'><strong>die</strong></span> <span class='ocrx_word' id='word_1_210' title='bbox 452 3325 591 3408; x_wconf 88' lang='lat' dir='ltr'><strong>jejunos</strong></span> <span class='ocrx_word' id='word_1_211' title='bbox 606 3343 814 3407; x_wconf 88' lang='lat' dir='ltr'><strong>permanere,</strong></span> <span class='ocrx_word' id='word_1_212' title='bbox 828 3344 933 3406; x_wconf 92' lang='lat' dir='ltr'><strong>quam</strong></span> <span class='ocrx_word' id='word_1_213' title='bbox 949 3325 1024 3408; x_wconf 89' lang='lat' dir='ltr'><strong>ipse</strong></span> <span class='ocrx_word' id='word_1_214' title='bbox 1040 3344 1101 3407; x_wconf 91' lang='lat' dir='ltr'><strong>per</strong></span> <span class='ocrx_word' id='word_1_215' title='bbox 1115 3330 1167 3387; x_wconf 91' lang='lat' dir='ltr'><strong>tot</strong></span> 
     </span>
     <span class='ocr_line' id='line_1_31' title="bbox 207 3425 1167 3509; baseline -0.004 -18"><span class='ocrx_word' id='word_1_216' title='bbox 207 3447 251 3491; x_wconf 87' lang='lat' dir='ltr'><strong>ec</strong></span> <span class='ocrx_word' id='word_1_217' title='bbox 271 3433 370 3490; x_wconf 88' lang='lat' dir='ltr'><strong>tanta</strong></span> <span class='ocrx_word' id='word_1_218' title='bbox 389 3446 462 3490; x_wconf 87' lang='lat' dir='ltr'><strong>suae</strong></span> <span class='ocrx_word' id='word_1_219' title='bbox 482 3427 648 3490; x_wconf 89' lang='lat' dir='ltr'><strong>miracula</strong></span> <span class='ocrx_word' id='word_1_220' title='bbox 662 3425 856 3509; x_wconf 87' lang='lat' dir='ltr'><strong>majestatis</strong></span> <span class='ocrx_word' id='word_1_221' title='bbox 870 3426 1051 3490; x_wconf 90' lang='lat' dir='ltr'><strong>inlustrare</strong></span> <span class='ocrx_word' id='word_1_222' title='bbox 1070 3444 1167 3488; x_wconf 90' lang='lat' dir='ltr'><strong>cura-</strong></span> 
     </span>
    </p>
   </div>
   <div class='ocr_carea' id='block_1_4' title="bbox 210 3698 1170 4114">
    <p class='ocr_par' dir='ltr' id='par_1_4' title="bbox 210 3698 1170 4114">
     <span class='ocr_line' id='line_1_32' title="bbox 255 3698 1169 3769; baseline -0.007 -14"><span class='ocrx_word' id='word_1_223' title='bbox 255 3705 261 3733; x_wconf 93' lang='lat'>¹</span> <span class='ocrx_word' id='word_1_224' title='bbox 280 3698 405 3769; x_wconf 67' lang='lat' dir='ltr'><strong>Niciam]</strong></span> <span class='ocrx_word' id='word_1_225' title='bbox 432 3708 480 3756; x_wconf 90' lang='lat' dir='ltr'><strong>See</strong></span> <span class='ocrx_word' id='word_1_226' title='bbox 492 3707 547 3756; x_wconf 90' lang='lat' dir='ltr'><strong>Vit.</strong></span> <span class='ocrx_word' id='word_1_227' title='bbox 561 3708 645 3757; x_wconf 82' lang='lat' dir='ltr'><strong>Aron.</strong></span> <span class='ocrx_word' id='word_1_228' title='bbox 658 3708 671 3769; x_wconf 56' lang='grc' dir='ltr'><strong>ς</strong></span> <span class='ocrx_word' id='word_1_229' title='bbox 707 3720 774 3767; x_wconf 88' lang='lat' dir='ltr'><strong>upon</strong></span> <span class='ocrx_word' id='word_1_230' title='bbox 788 3704 839 3752; x_wconf 86' lang='lat' dir='ltr'><strong>this</strong></span> <span class='ocrx_word' id='word_1_231' title='bbox 852 3703 904 3763; x_wconf 82' lang='lat' dir='ltr'><strong>day</strong></span> <span class='ocrx_word' id='word_1_232' title='bbox 914 3703 986 3752; x_wconf 90' lang='lat' dir='ltr'><strong>three</strong></span> <span class='ocrx_word' id='word_1_233' title='bbox 995 3715 1169 3764; x_wconf 85' lang='lat' dir='ltr'><strong>appearances</strong></span> 
     </span>
     <span class='ocr_line' id='line_1_33' title="bbox 211 3770 1169 3826; baseline -0.007 0"><span class='ocrx_word' id='word_1_234' title='bbox 211 3783 251 3826; x_wconf 79' lang='lat' dir='ltr'><strong>lt</strong></span> <span class='ocrx_word' id='word_1_235' title='bbox 707 3790 736 3822; x_wconf 94' lang='lat' dir='ltr'><strong>or</strong></span> <span class='ocrx_word' id='word_1_236' title='bbox 764 3773 966 3822; x_wconf 78' lang='lat' dir='ltr'><strong>manifestatione</strong></span> <span class='ocrx_word' id='word_1_237' title='bbox 1002 3773 1032 3820; x_wconf 82' lang='lat' dir='ltr'><strong>ol</strong></span> <span class='ocrx_word' id='word_1_238' title='bbox 1062 3770 1169 3821; x_wconf 83' lang='lat' dir='ltr'><strong>Christ’s</strong></span> 
     </span>
     <span class='ocr_line' id='line_1_34' title="bbox 246 3840 1169 3912; baseline -0.007 -18"><span class='ocrx_word' id='word_1_239' title='bbox 246 3843 265 3875; x_wconf 91' lang='lat'><strong>¹⁷</strong></span> <span class='ocrx_word' id='word_1_240' title='bbox 281 3845 413 3894; x_wconf 79' lang='lat' dir='ltr'><strong>Dominicoe</strong></span> <span class='ocrx_word' id='word_1_241' title='bbox 428 3846 581 3908; x_wconf 80' lang='lat' dir='ltr'><strong>apparitionis</strong></span> <span class='ocrx_word' id='word_1_242' title='bbox 599 3840 672 3912; x_wconf 73' lang='lat' dir='ltr'><strong>dieo]</strong></span> <span class='ocrx_word' id='word_1_243' title='bbox 708 3843 791 3906; x_wconf 82' lang='lat' dir='ltr'><strong>glory,</strong></span> <span class='ocrx_word' id='word_1_244' title='bbox 804 3843 917 3905; x_wconf 84' lang='lat' dir='ltr'><strong>namely,</strong></span> <span class='ocrx_word' id='word_1_245' title='bbox 935 3843 976 3891; x_wconf 86' lang='lat' dir='ltr'><strong>his</strong></span> <span class='ocrx_word' id='word_1_246' title='bbox 989 3843 1123 3891; x_wconf 81' lang='lat' dir='ltr'><strong>adcretion</strong></span> <span class='ocrx_word' id='word_1_247' title='bbox 1135 3842 1169 3900; x_wconf 88' lang='lat' dir='ltr'><strong>by</strong></span> 
     </span>
     <span class='ocr_line' id='line_1_35' title="bbox 210 3910 1170 3977; baseline -0.008 -12"><span class='ocrx_word' id='word_1_248' title='bbox 210 3917 266 3966; x_wconf 78' lang='lat' dir='ltr'><strong>&#39;l&#39;be</strong></span> <span class='ocrx_word' id='word_1_249' title='bbox 279 3916 424 3977; x_wconf 86' lang='lat' dir='ltr'><strong>Epiphany.</strong></span> <span class='ocrx_word' id='word_1_250' title='bbox 709 3914 751 3962; x_wconf 90' lang='lat' dir='ltr'><strong>the</strong></span> <span class='ocrx_word' id='word_1_251' title='bbox 770 3915 853 3975; x_wconf 81' lang='lat' dir='ltr'><strong>Magi,</strong></span> <span class='ocrx_word' id='word_1_252' title='bbox 866 3914 906 3962; x_wconf 85' lang='lat' dir='ltr'><strong>his</strong></span> <span class='ocrx_word' id='word_1_253' title='bbox 921 3914 1043 3977; x_wconf 83' lang='lat' dir='ltr'><strong>baptism,</strong></span> <span class='ocrx_word' id='word_1_254' title='bbox 1061 3913 1112 3960; x_wconf 85' lang='lat' dir='ltr'><strong>and</strong></span> <span class='ocrx_word' id='word_1_255' title='bbox 1129 3910 1170 3957; x_wconf 87' lang='lat' dir='ltr'><strong>his</strong></span> 
     </span>
     <span class='ocr_line' id='line_1_36' title="bbox 247 3978 1170 4051; baseline -0.007 -19"><span class='ocrx_word' id='word_1_256' title='bbox 247 3984 267 4014; x_wconf 78' lang='lat'><strong>²⁹</strong></span> <span class='ocrx_word' id='word_1_257' title='bbox 284 3986 337 4047; x_wconf 79' lang='lat' dir='ltr'><strong>lpse</strong></span> <span class='ocrx_word' id='word_1_258' title='bbox 348 4001 390 4048; x_wconf 80' lang='lat' dir='ltr'><strong>per</strong></span> <span class='ocrx_word' id='word_1_259' title='bbox 407 3989 461 4033; x_wconf 87' lang='lat' dir='ltr'><strong>tot.</strong></span> <span class='ocrx_word' id='word_1_260' title='bbox 478 4021 484 4034; x_wconf 90' lang='lat'><strong>.</strong></span> <span class='ocrx_word' id='word_1_261' title='bbox 500 4023 505 4033; x_wconf 94' lang='lat'>.</span> <span class='ocrx_word' id='word_1_262' title='bbox 519 4021 526 4035; x_wconf 89' lang='lat'><strong><em>.</em></strong></span> <span class='ocrx_word' id='word_1_263' title='bbox 538 3978 672 4051; x_wconf 71' lang='lat' dir='ltr'><strong>miracala]</strong></span> <span class='ocrx_word' id='word_1_264' title='bbox 709 3985 764 4032; x_wconf 84' lang='lat' dir='ltr'><strong>first</strong></span> <span class='ocrx_word' id='word_1_265' title='bbox 773 3985 878 4033; x_wconf 85' lang='lat' dir='ltr'><strong>miracle</strong></span> <span class='ocrx_word' id='word_1_266' title='bbox 890 3988 918 4032; x_wconf 85' lang='lat' dir='ltr'><strong>at</strong></span> <span class='ocrx_word' id='word_1_267' title='bbox 930 3985 1012 4032; x_wconf 86' lang='lat' dir='ltr'><strong>Cana.</strong></span> <span class='ocrx_word' id='word_1_268' title='bbox 1042 3982 1090 4030; x_wconf 87' lang='lat' dir='ltr'><strong>See</strong></span> <span class='ocrx_word' id='word_1_269' title='bbox 1100 3981 1170 4028; x_wconf 86' lang='lat' dir='ltr'><strong>Mar-</strong></span> 
     </span>
     <span class='ocr_line' id='line_1_37' title="bbox 213 4051 1159 4114; baseline -0.006 -11"><span class='ocrx_word' id='word_1_270' title='bbox 213 4056 267 4104; x_wconf 89' lang='lat' dir='ltr'><strong>The</strong></span> <span class='ocrx_word' id='word_1_271' title='bbox 293 4057 368 4105; x_wconf 79' lang='lat' dir='ltr'><strong>Latin</strong></span> <span class='ocrx_word' id='word_1_272' title='bbox 397 4055 501 4106; x_wconf 88' lang='lat' dir='ltr'><strong>Cburcb</strong></span> <span class='ocrx_word' id='word_1_273' title='bbox 528 4055 674 4106; x_wconf 85' lang='lat' dir='ltr'><strong>celebrated</strong></span> <span class='ocrx_word' id='word_1_274' title='bbox 710 4058 767 4104; x_wconf 89' lang='lat' dir='ltr'><strong>tene</strong></span> <span class='ocrx_word' id='word_1_275' title='bbox 780 4055 813 4103; x_wconf 89' lang='lat' dir='ltr'><strong>de</strong></span> <span class='ocrx_word' id='word_1_276' title='bbox 824 4052 915 4114; x_wconf 81' lang='lat' dir='ltr'><strong>Antiq.</strong></span> <span class='ocrx_word' id='word_1_277' title='bbox 926 4053 997 4102; x_wconf 89' lang='lat' dir='ltr'><strong>Eecl.</strong></span> <span class='ocrx_word' id='word_1_278' title='bbox 1008 4052 1060 4102; x_wconf 84' lang='lat' dir='ltr'><strong>Rit.</strong></span> <span class='ocrx_word' id='word_1_279' title='bbox 1070 4051 1108 4100; x_wconf 89' lang='lat' dir='ltr'><strong>iii.</strong></span> <span class='ocrx_word' id='word_1_280' title='bbox 1117 4054 1159 4098; x_wconf 76' lang='lat'><strong>42.</strong></span> 
     </span>
    </p>
   </div>
   <div class='ocr_carea' id='block_1_5' title="bbox 0 0 1455 4890">
    <p class='ocr_par' dir='ltr' id='par_1_5' title="bbox 0 0 1455 4890">
     <span class='ocr_line' id='line_1_38' title="bbox 0 0 1455 4890; baseline 0 0"><span class='ocrx_word' id='word_1_281' title='bbox 0 0 1455 4890; x_wconf 95' lang='lat' dir='ltr'><strong> </strong></span> 
     </span>
    </p>
   </div>
  </div>
 </body>
</html>
