2850 4890
288 363 332 426 36
560 380 666 426 >vrrs
686 379 715 426 s,
735 378 970 438 cornorum,

289 536 340 601 Te
356 538 453 614 duce,
468 539 558 603 bella
571 546 684 616 ruunt,
698 546 736 602 tu
751 539 859 602 noxia
873 538 1065 620 comprimis
1082 555 1187 613 arma,

290 639 415 703 Libera
428 647 467 702 ut
481 641 582 704 electi
595 641 774 723 potiantur
787 643 863 704 luce
878 661 939 724 per
953 639 1085 704 aevum.'

290 742 410 805 Indice
426 748 498 805 tum
513 743 651 806 flamma
665 742 1001 806 Lindisfarnensibus
1016 741 1088 818 illa,

293 841 374 921 Qua
387 843 470 924 vigil
486 865 504 908 e
519 845 668 925 speculis
684 863 815 926 pernox
830 848 1030 909 servaverat
1042 841 1136 918 hora,

292 945 473 1009 AEthereas
488 945 644 1028 pandunt
658 952 773 1009 vatem
788 951 987 1026 penetrasse
1003 945 1067 1007 sub
1084 961 1195 1006 auras.
1280 961 1295 1001 1

293 1045 363 1125 Qui
373 1047 445 1131 jam
461 1054 635 1110 noctumae
650 1054 723 1110 tum
738 1045 825 1109 forte
840 1047 903 1110 snb
918 1046 1034 1109 ordine
1049 1045 1173 1120 laudis,

292 1148 367 1232 Ipsi
381 1148 485 1212 etiam
500 1149 620 1212 mirum
636 1148 789 1232 ejusdem
805 1147 1035 1211 modulamine
1051 1145 1176 1229 psalmi

291 1248 446 1314 Verbera
460 1256 586 1313 moesta
601 1249 699 1333 sequi
711 1249 854 1312 Domini
868 1248 927 1330 pia
942 1249 1033 1311 dona
1048 1248 1229 1311 canebant.

291 1350 367 1415 Nec
381 1358 544 1434 suspecta
559 1351 617 1414 diu
632 1351 771 1414 tardant
784 1351 972 1432 praesagia;
995 1369 1074 1412 nam
1090 1368 1171 1412 mox

290 1452 394 1517 Vatis
408 1451 592 1515 honorifico
606 1452 790 1514 mittuntur
805 1457 843 1514 ut
858 1451 949 1514 alma
963 1449 1144 1533 sepulchro
1264 1466 1296 1510 ro

290 1553 423 1620 Altaris
438 1556 559 1620 dextro
574 1555 780 1620 subcondita
794 1573 958 1618 marmore
972 1555 1133 1629 membra,

291 1657 462 1722 Insistens
478 1658 594 1740 aquilo
609 1657 719 1721 niveis
735 1657 885 1721 confisus
900 1657 937 1719 in
954 1656 1056 1720 armis

292 1758 386 1822 Hinc
402 1767 506 1841 atque
519 1759 598 1822 hinc
614 1759 701 1823 adeo
716 1759 959 1822 Lindisfarnea
973 1758 1105 1840 perosis

291 1860 401 1924 Tecta
416 1860 529 1942 quatit
543 1860 670 1937 flabris,
684 1867 724 1924 ut
736 1861 861 1923 nobilis
875 1860 936 1923 illa
950 1865 1129 1942 parentum

291 1960 478 2042 Progenies
492 1959 584 2024 fesso
598 1962 763 2025 titubaret
777 1962 922 2024 stamine
936 1981 1058 2037 rerum,
1264 1978 1296 2021 rs

292 2061 420 2127 Cedere
430 2062 573 2147 jamque
586 2063 664 2127 loco
679 2084 784 2146 quam
798 2071 952 2127 extrema
967 2064 1080 2127 subire
1095 2060 1213 2144 pericli

291 2162 448 2244 Eligeret.
491 2163 567 2228 Nec
576 2163 651 2247 jam
666 2164 805 2246 longum
818 2172 935 2229 manet
949 2165 1012 2241 ira,
1027 2164 1087 2229 sed
1104 2164 1230 2227 almam

291 2263 548 2328 Eadberechtus
563 2271 707 2328 renovat
720 2264 842 2330 sedato
858 2267 992 2330 turbine
1006 2285 1138 2347 pacem,

291 2365 546 2447 Dispersosque
562 2386 695 2429 sacrum
711 2375 849 2431 revocat
862 2369 926 2430 sub
942 2367 1031 2431 ovile
1044 2365 1219 2444 bidentes3

292 2466 465 2530 Proeseius
481 2474 516 2530 et
530 2466 636 2549 lyrIco
651 2469 836 2532 resonabat
849 2475 889 2532 ut
903 2467 1019 2531 ordine
1035 2466 1201 2549 psalmus
1263 2485 1295 2530 no

293 2568 496 2633 Pontificale
511 2570 616 2633 decus
629 2569 808 2651 plebisque
822 2569 995 2634 instaurat
1009 2569 1182 2633 honorem.

563 2802 725 2870 CAPUT
748 2804 980 2870 XXXVIII.

332 2969 491 3040 Quomodo
507 2997 617 3061 corpus
632 2971 732 3063 ipsias
740 2988 816 3062 post
829 2977 970 3040 undecim
984 2978 1029 3041 sit
1042 2998 1140 3040 annos
1153 2977 1220 3039 sine

582 3078 780 3164 corruptione
794 3088 959 3164 repertum.

341 3278 633 3357 Gousrreuroun
649 3303 746 3347 sacer
762 3284 849 3348 solio
864 3283 973 3364 patris
988 3282 1119 3346 inditus
1133 3282 1242 3360 heres,
1263 3301 1294 3344 25

292 3381 473 3446 Undecimi
488 3394 674 3465 postquam
689 3403 827 3449 cursum
842 3385 1101 3448 transcenderat
1116 3384 1209 3460 anni,

293 3481 510 3564 Complacuit
524 3485 654 3547 cineres
669 3485 791 3547 tumuli
806 3485 849 3547 de
864 3484 946 3547 sede
960 3486 1054 3549 beati

292 3582 414 3648 Elatos
429 3603 543 3648 eoram
557 3586 683 3666 gremio
697 3586 783 3649 levis
796 3586 927 3649 inderet
942 3605 1031 3650 arcae
1044 3607 1052 3665 3

293 3685 373 3762 Sed,
388 3685 484 3749 canit
497 3692 536 3749 ut
549 3687 714 3767 psalmus,
730 3687 812 3769 quia
826 3706 918 3749 mors
933 3687 1086 3768 pretiosa
1101 3689 1235 3770 piorum

292 3787 385 3851 Ante
400 3786 512 3849 Deum
526 3787 659 3864 retinet,
675 3787 818 3851 calicem
831 3789 890 3870 qui
904 3788 1040 3851 haurire
1055 3788 1180 3852 salutis
1265 3808 1296 3853 so

295 3888 376 3953 Non
390 3888 566 3971 trepidant
581 3889 664 3952 celsi
679 3890 783 3952 tutati
798 3891 932 3953 nomine
948 3890 1047 3971 regis

328 4124 348 4154 ²²
367 4127 459 4176 Cruor
478 4117 653 4193 XXXVIII]
698 4126 753 4176 vit.
825 4125 845 4157 ³⁰
860 4127 979 4190 Retinet]
1004 4129 1055 4177 Vel
1078 4130 1188 4193 Ruunt,
1214 4131 1251 4180 ΙΙ.

295 4197 370 4245 Pros.
382 4198 446 4258 Cap.
458 4211 524 4247 11111.
788 4197 862 4255 gloss.
