2850 4890
234 346 299 410 296
606 359 818 406 ureuunrx.

67 521 101 570 Α.
112 521 144 570 D.
155 524 211 570 88³.
236 509 398 578 absorbuit,
420 517 562 568 renovato
578 507 619 566 ibi
637 507 778 566 miraculo
799 507 930 586 antiquo,
956 503 1078 587 quaudo
1095 513 1193 586 aperta

235 605 282 655 est
296 603 373 654 terra
386 600 418 652 et
431 592 587 670 deglutivit
601 593 732 662 Dathau,
752 600 784 651 et
802 593 917 672 operuit
931 613 1020 672 super
1034 611 1194 669 congrega·

236 683 344 739 tionem
368 679 494 739 Abiron.
539 679 676 745 Qualiter
695 690 795 738 autem
817 686 932 757 gastum
958 679 1007 749 sit,
1033 677 1104 736 alibi
1124 695 1192 736 oon-

235 775 295 826 stat
309 786 376 824 esse
392 765 543 844 scriptum.

67 861 208 911 abaci.
282 856 359 924 §12
382 849 474 909 Anno
497 851 535 908 ab
556 850 755 910 incarnatione
774 848 896 909 Domini
914 864 1126 916 ncccxc1111‚
1143 867 1193 905 rex
1215 864 1226 907 5

67 928 221 1017 sslfsslebffl‘el,
237 935 420 1004 cuthredus,
449 956 517 994 oum
544 955 601 995 uon
629 937 732 1015 paucis
758 936 841 994 aunis
865 955 1004 1015 prospera
1030 941 1192 1011 regnasset,

66 1029 199 1068 oronnam.
237 1023 374 1091 moriens,
397 1021 550 1101 privilegia
570 1020 707 1082 ecclesiae
727 1021 819 1100 patris
838 1020 1004 1090 cuthberti,
1028 1019 1068 1078 de
1086 1020 1193 1098 quiete,

238 1106 276 1166 de
289 1108 424 1166 libertate
440 1107 544 1186 ipsius,
559 1105 597 1165 de
615 1126 689 1185 pace
705 1107 932 1184 confugientium
951 1104 990 1164 ad
1007 1105 1192 1185 sepulchrum

238 1195 303 1272 ejus
329 1215 347 1253 a
368 1191 449 1251 nullo
468 1211 596 1270 uuquam
613 1191 769 1260 irritanda:
793 1192 852 1251 alia
874 1211 993 1272 quoque
1012 1191 1043 1249 in
1059 1190 1193 1249 ecclesiae

237 1279 330 1357 ipsius
355 1279 565 1338 munimentum
593 1285 715 1347 statuta,
743 1279 880 1337 omuibus
907 1285 976 1356 post
1003 1294 1049 1335 se·
1066 1276 1193 1354 regibus,
1204 1291 1228 1334 m

238 1364 388 1442 episcopis
416 1373 447 1422 et
474 1363 591 1442 populis
619 1363 648 1421 in
676 1371 815 1423 arternum
838 1361 1045 1422 conservanda
1068 1361 1194 1441 reliquit,

238 1470 305 1527 quae
330 1450 418 1508 etiam
444 1469 538 1529 usque
561 1446 649 1508 hodie
674 1457 835 1508 servantur.
878 1447 1017 1525 Denique
1046 1467 1083 1506 ea
1110 1467 1194 1505 nemo

240 1555 367 1614 unquam
391 1535 507 1614 impune
532 1535 695 1593 conabatur
718 1534 882 1611 infringere.
927 1533 1064 1599 Quorum
1090 1530 1194 1600 Scotti,

239 1629 272 1678 ut
299 1619 413 1699 praelati
440 1640 552 1688 sumus,
581 1640 650 1678 oum
677 1640 782 1698 paoem
810 1621 875 1699 ejus
899 1618 1074 1688 violassent,
1098 1619 1195 1676 subito

239 1715 322 1765 terrae
351 1706 431 1764 hiatu
460 1706 590 1783 absorpti
616 1706 646 1763 in
673 1712 821 1763 momento
849 1704 1066 1783 disparuerunt.
1108 1701 1195 1762 Alios
1205 1717 1230 1760 15

239 1811 358 1870 quoque
386 1793 414 1849 iu
443 1790 530 1849 simili
558 1791 769 1869 praesumtionis
796 1789 927 1860 scelere,·
947 1808 1037 1869 quam
1061 1789 1195 1848 terribilis

240 1875 371 1934 vindicta
403 1877 592 1954 percusserit,
621 1877 650 1934 in
678 1876 870 1955 sequentibus
898 1874 1020 1934 dicetur.
1075 1873 1196 1933 Mortuo

240 1959 407 2028 cuthredo,
422 1981 474 2019 rex
490 1960 629 2020 Elfredus
647 1960 945 2020 Northauimbrorum
960 1962 1081 2038 regnum
1096 1980 1197 2019 susce·

239 2048 283 2124 pit
307 2044 531 2124 disponendum.
577 2046 746 2125 Postquam
771 2048 848 2106 enim
869 2053 991 2105 sanctus
1014 2045 1198 2104 cuthbertus

240 2131 267 2188 ei
281 2140 467 2209 apparuerat,
483 2141 604 2210 paterno
619 2152 719 2209 reguo,
733 2132 763 2191 id
777 2140 834 2202 est,
849 2130 1088 2190 Occidentalium
1104 2129 1198 2190 Saxo·
1207 2145 1234 2190 2⁰

241 2235 321 2284 num,
340 2225 370 2275 et
389 2217 567 2298 provinciam
588 2215 783 2276 Orientalium
802 2216 980 2296 Anglorum,
996 2223 1027 2276 et
1044 2215 1198 2276 Northan·

240 2301 396 2360 imbrorum
410 2311 479 2381 post
493 2301 679 2361 cuthredum
694 2302 813 2382 adjecit.

280 2392 357 2460 §1:3.
379 2388 471 2447 Anno
492 2389 531 2446 ab
554 2389 753 2447 incarnatione
777 2387 897 2447 Domini
917 2402 1103 2456 ncccxmx,
1122 2386 1199 2445 idem

240 2473 373 2550 piisimus
388 2494 439 2532 rex
454 2473 620 2550 Anglornm
637 2473 788 2543 Ellredus,
803 2474 930 2554 peractis
945 2474 973 2531 iu
993 2492 1084 2550 regno
1098 2473 1200 2550 viginti

239 2566 309 2616 octo
332 2559 415 2617 annis
438 2568 468 2618 et
489 2559 621 2629 dimidio,
647 2558 805 2619 delunotus
830 2568 887 2628 est,
914 2558 1067 2618 Edwardo
1092 2557 1155 2617 filio
1173 2559 1237 2617 inu

240 2663 360 2720 regnum
379 2646 454 2723 patri
476 2643 671 2712 succedente;
694 2647 744 2725 qui
763 2647 801 2704 ab
819 2645 883 2724 ipso
903 2645 1125 2722 diligentissime
1148 2643 1200 2702 ad·

240 2731 367 2788 monitus
391 2730 497 2801 fuerat,
522 2739 555 2789 ut
577 2739 711 2789 sanctum
734 2731 926 2790 cuthbertum
953 2732 1078 2809 ejusque
1102 2728 1200 2788 eccle-

241 2815 315 2872 siam
343 2836 433 2894 quam
460 2817 586 2874 maxime
615 2815 766 2894 diligendo
795 2837 911 2895 semper
937 2816 1039 2874 honori
1067 2815 1200 2886 haberet,

242 2899 400 2959 recolendo
425 2921 461 2959 ex
484 2901 602 2980 quantis
627 2902 770 2980 angustiis
793 2910 823 2961 et
848 2901 1065 2960 calamitatibus
1088 2911 1201 2979 patrem

242 2984 367 3064 eripiens
386 3007 475 3064 regno
492 2987 660 3057 restituerit,
675 2994 706 3045 et
722 2987 789 3066 plus
810 3007 898 3068 quam
916 2994 1122 3045 antecessores
1137 2989 1201 3065 ejus
1211 3001 1239 3045 30

243 3071 415 3142 habuerant,
430 3073 457 3130 ei
473 3073 604 3131 subactis
619 3073 754 3131 hostibus
769 3072 1010 3150 augmentaverit.

282 3162 359 3228 §14
384 3156 499 3216 Eodem
523 3179 610 3227 anno,
626 3178 686 3236 quo
706 3178 757 3216 rex
776 3157 913 3216 Ellredus
928 3165 1060 3215 mortuus
1080 3165 1137 3226 est,
1152 3156 1202 3215 ille

243 3260 323 3319 saepe
350 3252 527 3302 memoratus
556 3245 678 3302 antistes
706 3243 868 3303 Eardulius
893 3245 921 3301 iu
947 3250 1099 3301 senectute
1123 3245 1203 3301 bona

243 3346 362 3384 suorum
379 3329 499 3405 praemia
519 3328 652 3388 laborum
670 3336 840 3408 recepturus
855 3330 893 3387 ab
907 3328 963 3386 hac
978 3328 1040 3387 vita
1053 3329 1201 3406 migravit,

243 3431 331 3479 anno,
355 3412 480 3481 scilicet,
506 3414 700 3473 nonodecimo
726 3435 763 3473 ex
789 3436 848 3492 quo
870 3434 985 3473 sacrum
1007 3413 1087 3472 beati
1110 3414 1240 3493 patrisat

243 3495 398 3555 cuthberti
420 3517 528 3576 corpus
552 3500 579 3557 in
605 3498 807 3558 cnncacestre
831 3500 1003 3558 translatum
1023 3498 1131 3568 fuerat,
1157 3500 1202 3558 sui

242 3601 311 3639 vero
341 3582 531 3661 episcopatus
560 3605 635 3643 anno
660 3584 888 3663 quadragesimo
914 3593 1008 3643 sexto.
1052 3584 1089 3642 In
1116 3586 1202 3663 cujus

242 3667 309 3726 loco
336 3667 535 3740 cutheardus,
558 3672 672 3750 etipse
693 3691 792 3730 coram
817 3671 884 3729 Deo
904 3679 934 3729 et
952 3670 1119 3729 homiuibus
1140 3672 1203 3728 vita

276 3968 296 3997 ³³
312 3968 489 4042 Nonodecimo.]
529 3975 559 4023 ln
583 3973 705 4024 Leland's
773 3973 793 4002 ³⁸
812 3971 982 4044 [lethardus]
1002 3976 1043 4025 He
1057 3979 1203 4027 succeeded

242 4040 365 4091 Abstract
387 4043 507 4108 (collect.
529 4046 547 4093 i.
568 4044 628 4109 424)
645 4047 666 4094 it
682 4047 704 4094 is
737 4047 763 4094 in
777 4059 804 4096 u.
819 4060 845 4097 n.
861 4050 918 4110 899,
931 4063 959 4096 or
972 4051 1030 4111 900,
1044 4048 1095 4097 and
1104 4049 1165 4098 died
1177 4051 1203 4098 in

241 4111 297 4181 said
306 4112 401 4162 thathe
410 4115 704 4178 diediutheeighteenth
737 4121 793 4168 915.

240 4197 302 4242 year
312 4182 341 4230 oi
351 4183 394 4232 the
409 4186 569 4235 translation.
