2850 4890
461 372 642 420 AUCTORE
660 371 749 420 VEN.
766 371 879 418 BEDA.

520 665 681 731 CAPUT
705 665 821 731 XLV.

229 831 388 901 Quantum
408 835 634 900 Oidiluuuldus
646 859 801 901 successor
814 837 877 901 uiri
892 835 961 901 Dei
975 838 1107 900 uirtutes

485 962 559 1003 suus
573 939 673 1002 celare
686 940 854 1005 studuerit.

234 1139 317 1205 Hos
334 1161 415 1205 nam
429 1141 649 1208 intermedius
665 1145 769 1208 sociis
782 1163 852 1208 non
867 1143 1004 1225 segnior
1018 1142 1129 1218 almiS,

160 1239 417 1321 50idiluualde,
433 1264 552 1317 sacras
567 1246 688 1309 rexisti
703 1245 866 1327 providus
882 1264 989 1308 arces

192 1341 303 1421 Quem
318 1363 394 1408 raro
409 1346 568 1428 proprias
584 1347 681 1410 aiunt
695 1346 848 1411 voluisse
862 1345 1025 1427 cuiquam

190 1444 347 1509 Pandere
361 1447 516 1524 virtutes,
532 1447 664 1512 torvive
680 1453 823 1511 cruenta
839 1445 990 1529 chelydri

189 1545 277 1610 Tela
291 1548 415 1629 quibus
430 1549 542 1612 victor
554 1547 756 1629 confregerit
770 1548 891 1612 obvius
908 1547 1021 1610 armis,

190 1645 291 1712 Unde
306 1657 422 1714 manet
435 1651 574 1733 longum
588 1650 816 1714 memorabilis
830 1649 892 1712 illa
904 1648 1017 1712 beatis

148 1768 179 1812 ιο
194 1749 339 1816 Incaute
354 1752 520 1834 prolapsa
533 1751 639 1815 semel
654 1751 827 1815 sententia
840 1751 958 1814 labris.

191 1851 294 1916 Forte
309 1873 408 1918 sacer
421 1854 526 1918 fidam
540 1853 679 1918 monitis
694 1852 893 1917 coelestibns
909 1872 1025 1916 aurem

191 1952 284 2017 Dum
298 1956 395 2038 rigat,
411 1956 542 2037 accipit
555 1955 619 2018 has
635 1956 728 2018 socio
744 1954 786 2018 de
800 1961 937 2036 pectore
951 1973 1065 2032 vocem

191 2060 202 2090 ‘
217 2054 317 2134 Quae,
332 2075 423 2139 rogo,
438 2076 546 2122 causa
560 2064 620 2120 tuo
636 2058 738 2120 toties
750 2055 841 2138 quod
858 2057 902 2119 ab
918 2075 975 2119 ore
990 2057 1152 2120 fluentem

191 2156 418 2239 Permmpant
431 2145 632 2240 varientque
648 2158 786 2221 silentia
800 2158 918 2220 crebra
932 2156 1116 2238 loquelam,

148 2276 179 2320 15
191 2257 236 2322 Et
250 2261 371 2323 mediis
386 2266 519 2323 statuat
535 2267 645 2323 metas
660 2258 788 2322 oblivio
803 2258 938 2321 dictisl’
1005 2247 1017 2266 ⁶

192 2358 257 2424 Cui
271 2380 437 2443 responsa
449 2363 527 2444 pius
543 2362 665 2444 paucis
678 2362 730 2424 ita
743 2359 893 2423 reddidit
905 2359 1016 2437 hemS,

191 2461 292 2526 ‘Hoc
309 2448 353 2539 te,
368 2463 479 2527 dulcis
496 2483 600 2540 amor,
615 2464 685 2525 fixo
700 2462 909 2544 memorique
924 2481 1107 2543 perennem

192 2561 302 2628 Corde
316 2572 432 2629 tenere
448 2564 558 2642 decet,
573 2564 713 2628 studeat
727 2564 794 2625 nisi
810 2563 954 2644 quisque
970 2562 1147 2626 viventum

194 2665 364 2730 Funditus
380 2667 541 2748 alloquiis
557 2673 710 2731 avertere
726 2664 865 2728 sedulus
881 2682 991 2741 aures,

148 2786 181 2830 ao
193 2766 274 2830 Non
290 2775 396 2851 queat
410 2769 577 2832 aethereas
592 2769 681 2832 inter
695 2766 778 2830 dare
794 2767 899 2831 verba
913 2771 1082 2842 catervas,

192 2868 348 2933 Pandere
361 2890 425 2934 nec
438 2870 531 2933 laetis
546 2870 624 2933 coeli
639 2869 861 2933 concentibus
877 2865 999 2931 aures!

193 2970 351 3049 Dixerat,
364 2980 399 3035 et
414 2970 546 3053 trepido
560 2971 738 3054 perculsus
752 2969 855 3033 corda
870 2977 1013 3034 tremore
1054 3001 1057 3005 v

193 3074 351 3154 Singultu
368 3072 513 3144 afficitur
527 3072 673 3151 fervens,
688 3093 729 3136 ac
743 3079 885 3155 pectora
898 3072 1023 3153 pugnis

194 3176 303 3242 Casta
316 3177 405 3255 ferit,
419 3177 624 3260 tandemque
639 3198 777 3260 gemens
792 3179 938 3260 erumpit
951 3179 986 3241 in
1000 3178 1102 3242 istam

149 3298 181 3343 25
194 3278 360 3342 Perfusus
373 3277 523 3342 lacrimis
538 3288 620 3361 post
633 3286 759 3344 moesta
774 3280 915 3343 silentia
929 3300 1059 3357 vocem,

194 3379 366 3446 ‘Obsecro
382 3388 416 3444 te
432 3380 591 3463 supplere,
606 3381 727 3444 summi
742 3400 803 3462 per
817 3389 954 3464 sceptra
968 3382 1133 3459 tonantis,

195 3481 283 3545 Haec
299 3483 432 3546 cunctis
448 3490 486 3545 ut
501 3482 595 3545 dic'ta
609 3489 718 3562 tegas,
732 3482 935 3545 moribunda
949 3502 1128 3565 quousque

195 3581 351 3647 Membra
361 3583 436 3646 solo
445 3582 805 3665 reddam,gradiarque
817 3581 1155 3665 incalleparentum.'

195 3684 253 3748 Sic
268 3703 332 3747 sua
346 3704 482 3748 summa
497 3704 594 3748 sacer
609 3685 830 3748 conclavibus
846 3685 969 3748 abdere
983 3686 1140 3766 quamvis

240 3979 246 4008 ¹
266 3983 358 4031 Carnu
370 3981 467 4044 XLV.]
513 3982 568 4030 Vit.
581 3982 656 4030 Proe.
738 3979 747 4010 ⁴
763 3974 942 4048 intermedius]
966 3981 1155 4045 intermedius,

195 4067 455 4190 raquoidnmm]
480 4116 657 4182 AElelt‘alduu
693 4052 731 4101 H·

198 4194 227 4243 C.
577 4215 579 4218 >
730 4188 749 4218 ¹⁸
769 4185 915 4259 Vinculum]
934 4191 1084 4254 videntum,
1098 4192 1135 4242 H.
