2850 4890
408 391 536 444 snnuo
553 393 593 441 rrv
612 390 769 441 urrann
784 391 814 441 a.
831 391 1051 440 nnunnrcrr.
1146 373 1213 440 337

256 531 353 604 coelis,
374 554 408 595 se
425 535 561 616 accipere
580 535 729 616 sperabat.
771 533 907 614 Reliquit
924 555 1045 595 uxorem
1065 543 1096 596 et
1112 532 1209 602 filios3

254 639 313 679 non
333 619 454 701 quidem
470 641 592 681 uxorem
610 630 767 700 acceptam
785 627 815 679 et
830 620 907 681 filios
925 641 964 680 ex
985 642 1021 681 ea
1041 629 1137 691 natos,
1156 617 1212 679 sed

255 725 378 766 uxorem
400 727 520 786 prorsus
545 707 692 786 accipere,
717 727 754 766 ex
779 727 839 785 qua
864 705 942 766 filios
966 707 1074 766 habere
1098 713 1212 787 posset,

256 792 403 851 castitatis
421 813 519 852 amore
533 794 705 859 contemsit:
731 791 853 851 mallens
873 792 911 851 ad
933 792 984 850 illa
1001 802 1119 852 centum
1138 811 1211 870 qua·

227 893 241 935 o
257 872 394 955 draginta
412 889 538 956 quatuor
554 878 644 936 millia
662 879 822 936 electorum
845 877 1001 956 pertinere,
1021 879 1071 957 qui
1094 885 1213 936 cantant

252 963 402 1021 canticum
426 981 536 1022 novum
559 973 626 1022 ante
648 963 750 1022 sedem
773 962 832 1021 Dei
855 970 885 1022 et
906 963 999 1040 Agni,
1024 961 1105 1042 quod
1124 981 1212 1021 nemo
1243 965 1250 979 “

255 1056 356 1127 potest
369 1048 467 1107 dicere
482 1049 537 1107 nisi
551 1048 604 1116 illi,
619 1057 627 1082 ‘
645 1048 689 1106 Hi
707 1049 783 1105 enim
798 1058 876 1116 suot,
892 1049 943 1127 qui
957 1068 1024 1107 cum
1043 1049 1211 1107 mulieribus

256 1153 313 1191 non
340 1141 409 1192 sunt
432 1133 623 1212 coinquinati,
647 1142 678 1192 et
703 1143 863 1212 sequuntur
886 1133 1008 1211 Agnum
1035 1153 1212 1212 quocunque

255 1218 380 1278 abierit!
425 1218 465 1276 Et
477 1219 593 1298 accepit
606 1219 785 1297 centuplum,
795 1217 917 1298 quando
932 1238 989 1278 non
1002 1219 1031 1276 in
1046 1220 1091 1277 lris
1103 1219 1211 1278 solum-

214 1302 356 1372 1⁰modo,
371 1302 426 1363 sed
446 1312 477 1363 et
498 1305 526 1362 in
549 1305 750 1362 transmarinis
769 1324 835 1362 eum
854 1304 987 1382 partibus
1006 1304 1122 1383 plurimi
1141 1323 1211 1362 suas

255 1387 283 1445 irr
296 1389 401 1448 domus
415 1389 545 1468 recipere
559 1390 698 1457 viantem,
713 1386 832 1448 suo'rum
843 1388 985 1448 fructibus
1000 1409 1134 1467 agrorum
1145 1387 1212 1448 refi-

255 1492 322 1531 cere
338 1473 557 1544 desiderabant,
572 1475 690 1553 quando
705 1484 845 1534 matronae
860 1476 1011 1554 perplures
1025 1476 1078 1544 illi,
1092 1475 1211 1554 quando

254 1559 309 1617 viri
321 1558 388 1619 Deo
397 1559 497 1619 devoti
507 1580 559 1639 pro
569 1561 656 1619 animi
667 1560 829 1619 constantis
837 1561 1023 1628 excellentia,
1033 1581 1090 1619 non
1102 1561 1211 1620 minore

254 1664 344 1721 quarn
363 1646 540 1724 conjugibus
564 1656 615 1704 aut
639 1646 807 1724 parentibus
827 1643 962 1725 propriis,
983 1645 1150 1705 dilectionis
1167 1646 1211 1703 io·

212 1743 242 1787 15
255 1731 364 1790 stantia
382 1732 558 1790 serviebant.
604 1729 735 1811 Accepit
757 1730 927 1811 centuplum
946 1731 1052 1790 domus
1069 1742 1100 1791 et
1122 1751 1210 1809 agros

254 1815 374 1893 quando
409 1816 478 1875 loca
505 1817 581 1885 baec,
614 1817 642 1874 in
676 1817 784 1895 quibus
812 1818 989 1876 monasteria
1018 1825 1209 1886 construeret,

254 1899 380 1980 adeptus
401 1910 465 1968 est;
490 1921 611 1959 uxorem
630 1902 655 1959 si
677 1901 854 1960 dimississet
876 1922 931 1980 pro
952 1901 1082 1972 christo,
1104 1911 1135 1961 et
1154 1902 1210 1961 hoc

254 1986 424 2065 centuplum
445 1987 603 2065 acciperet,
618 1988 688 2065 quia
709 1987 841 2045 nimirum
861 1988 999 2066 centuplo
1019 1990 1113 2066 majus
1129 1998 1211 2047 esset

254 2080 324 2129 tunc
346 2071 478 2131 meritum
498 2072 628 2131 caritatis
652 2073 726 2130 inter
743 2073 925 2132 continentes
946 2083 1065 2153 propter
1084 2073 1209 2132 fructum

209 2157 382 2235 atspiritus,
404 2177 494 2236 quarn
515 2158 588 2216 inter
606 2157 794 2217 lascivientes
820 2158 969 2236 quondam
991 2166 1110 2237 propter
1131 2158 1210 2216 desi·

255 2239 367 2300 derium
389 2243 494 2301 carnis.
541 2242 644 2311 Filios,
667 2264 742 2322 quos
761 2243 915 2302 carnaliter
935 2244 1045 2302 habere
1062 2243 1209 2323 despexit,

255 2327 423 2407 centuplum
439 2329 576 2407 accipere
592 2330 697 2388 meruit
712 2328 869 2408 spiritales,
885 2329 1083 2403 (centenarius
1099 2330 1210 2408 quippe

249 2431 401 2486 numerus,
423 2421 456 2471 ut
475 2433 555 2493 saepe
578 2413 690 2472 dictum
711 2424 767 2483 est,
786 2413 995 2492 perfectionem
1012 2412 1135 2491 figurate
1157 2412 1209 2472 de-

252 2499 396 2573 nunciat)
424 2519 478 2558 nos
507 2519 632 2577 namque
657 2519 758 2559 sumus
787 2497 839 2557 filii
865 2501 941 2578 ejus,
970 2519 1045 2580 quos
1072 2500 1101 2556 in
1130 2499 1205 2558 hanc

208 2599 240 2643 25
252 2585 434 2643 monachicae
455 2583 620 2644 devotionis
640 2583 758 2644 domum
773 2585 838 2664 pius
853 2586 985 2663 provisor
998 2584 1129 2652 induxit;
1152 2604 1207 2644 nos

251 2689 353 2728 sumus
367 2673 432 2748 ejus
447 2669 510 2738 filii,
522 2691 598 2748 quos
612 2668 736 2729 diversis
751 2670 906 2729 carnaliter
919 2669 1014 2729 editos
1026 2671 1205 2749 parentibus,

251 2753 280 2812 irr
310 2775 397 2813 unam
426 2763 537 2814 sanctae
562 2754 753 2834 professionis
776 2756 915 2814 familiam
944 2756 1112 2835 spiritaliter
1135 2755 1208 2816 fecit

252 2839 423 2918 adgregari:
453 2861 508 2900 nos
536 2861 637 2899 sumus
662 2840 713 2900 lilii
741 2842 817 2919 ejus,
847 2841 872 2899 si
898 2842 951 2899 iter
975 2841 1114 2900 virtutum
1142 2842 1206 2919 ejus

252 2923 393 2984 imitando
407 2935 551 2993 terremus,
566 2927 663 2985 sinon
681 2947 700 2986 a
714 2928 819 2986 semita
837 2927 972 3004 regulari,
989 2946 1078 3005 quam
1092 2927 1206 2997 docuit,

209 3027 242 3070 ao
253 3009 396 3090 torpendo
411 3010 607 3071 deflectimus.

295 3100 351 3169 §3.
377 3097 566 3156 Meminimus
586 3117 722 3177 namque,
740 3096 856 3164 fratres,
875 3097 925 3176 qui
946 3096 1027 3155 illurn
1043 3117 1132 3155 nosse
1153 3118 1206 3176 po-

252 3182 372 3250 tuimus,
392 3181 491 3241 dicere
512 3182 616 3241 crebro
636 3182 737 3241 auditu
757 3202 834 3261 quos
855 3191 924 3261 post
944 3183 1057 3241 obitum
1079 3182 1157 3240 illius
1180 3183 1208 3241 in

252 3274 360 3326 nostrae
370 3267 557 3326 fraternitatis
568 3269 745 3327 consortium
761 3269 855 3345 pietas
871 3287 997 3349 superna
1007 3270 1209 3346 congregavit,

253 3352 323 3431 quia
336 3353 477 3432 quamdiu
492 3374 597 3432 sospes
616 3361 678 3412 erat
695 3374 828 3433 corpore,
842 3374 894 3432 pro
911 3354 1004 3431 gloria
1022 3364 1133 3413 sanctae
1149 3353 1208 3414 Dei

209 3437 401 3506 aeecclesiae,
416 3447 447 3498 et
460 3440 586 3498 maxime
602 3459 654 3518 pro
669 3439 756 3517 hujus
771 3440 939 3498 monasterii
952 3459 1038 3518 pace,
1053 3439 1163 3499 lronore
1178 3449 1209 3499 et

252 3524 362 3603 quiete,
376 3545 492 3603 semper
507 3525 641 3583 laborare
659 3525 820 3603 perstabat,
834 3535 865 3583 et
878 3526 966 3584 toties
985 3525 1057 3584 mari
1072 3525 1207 3596 transito,

252 3629 411 3687 nunquam,
442 3617 474 3668 ut
501 3617 547 3668 est
574 3610 794 3670 consuetudinis
823 3610 1012 3689 quibusdam,
1037 3630 1150 3669 vacuus
1177 3619 1208 3670 et

251 3695 360 3753 inutilis
378 3695 474 3764 rediit,
489 3695 542 3754 sed
559 3715 635 3754 nunc
653 3697 790 3755 librorum
805 3697 921 3775 copiam
935 3703 1114 3764 sanctorum,
1129 3715 1207 3754 nunc

250 3780 437 3858 reliquiarum
450 3781 602 3839 beatorum
616 3792 773 3862 martyrum
786 3781 905 3852 Christi,
920 3800 1024 3838 munus
1040 3779 1207 3839 venerabile

206 3881 240 3928 to
250 3863 362 3936 detulit,
382 3886 459 3926 nunc
475 3868 652 3927 architectos
669 3867 806 3927 ecclesiae
822 3865 1013 3934 fabricandae,
1033 3885 1110 3924 nunc
1126 3864 1206 3924 vitri-

250 3951 379 4011 factores
394 3950 433 4010 ad
447 3951 590 4012 fenestras
601 3951 736 4030 ejusdem
750 3951 928 4011 ordinandas
943 3951 1049 4031 pariter
1063 3971 1098 4009 ac
1113 3952 1206 4010 muni·

251 4036 355 4104 endas,
381 4057 458 4096 nunc
482 4037 620 4098 cantandi
643 4048 674 4096 et
696 4038 725 4096 in
748 4038 877 4097 ecclesia
904 4057 956 4116 per
979 4046 1072 4096 totum
1097 4056 1205 4096 annum

251 4122 436 4182 ministrandi
463 4144 565 4185 secum
590 4124 744 4202 magistros
772 4123 914 4192 adduxit;
945 4142 1022 4182 nunc
1050 4122 1206 4203 epistolam

295 4239 385 4284 TOM.
405 4239 445 4285 ll.
928 4239 947 4284 Z
