2850 4890
252 352 275 415 6
543 369 628 416 vrri
649 368 678 416 s.
702 368 923 429 curararum,

255 527 412 610 Cumque
424 527 479 592 die
497 529 646 611 quadam
665 530 729 592 sub
747 528 828 593 divo
845 527 938 592 fessa
954 526 1104 593 locasset

255 628 414 692 Membra
430 627 550 693 dolens
567 631 661 695 solus
678 630 773 694 mitis
790 649 888 713 puer,
905 647 995 706 ecce,
1013 637 1154 713 repente

254 728 362 793 Venit
379 749 484 812 eques
501 730 603 796 niveo
620 730 836 796 venerandus
853 730 1016 812 tegmine,
1034 750 1096 795 nec
1114 750 1183 794 non

256 828 381 893 Gratia
398 831 573 914 cornipedi
590 832 725 909 similis,
742 832 975 913 recubumque
992 831 1135 908 salutat,

256 930 470 1014 Obsequium
487 933 554 996 sibi
571 932 659 997 ferre
677 951 816 1015 rogans.
869 929 936 995 Cui
948 932 1035 996 talia
1051 931 1176 1008 reddit,
1229 942 1244 986 5

255 1031 462 1115 ‘Obsequiis
480 1052 571 1097 nunc
587 1034 663 1117 ipse
677 1033 748 1098 tuis
766 1031 935 1097 adsistere
952 1040 1109 1115 promtus

255 1130 405 1210 Vellem,
422 1133 458 1196 ni
475 1133 551 1197 diro
568 1141 782 1217 premeretur
798 1131 963 1216 compede
980 1153 1133 1215 gressus,

256 1231 349 1296 Nam
361 1240 472 1298 tumet
481 1253 560 1298 ecce
577 1254 681 1316 genu,
690 1234 795 1298 nullis
806 1234 900 1317 quod
911 1252 995 1298 cura
1003 1235 1200 1298 medentum

254 1332 426 1416 Tempore
437 1335 515 1420 jam
530 1335 640 1401 multo
657 1335 769 1400 valuit
785 1334 919 1399 mollire
935 1335 1096 1416 lagonis!

255 1434 383 1499 Desilit
400 1435 526 1519 hospes
543 1455 644 1520 equo,
660 1436 782 1520 palpat
797 1456 888 1518 genu
899 1434 1039 1500 sedulus
1057 1450 1245 1517 aegrum,1o

255 1534 312 1599 Sic
329 1535 434 1614 fatus,
450 1536 602 1601 ‘Similae
619 1538 764 1602 nitidam
781 1556 859 1602 cum
877 1536 967 1600 lacte
984 1535 1131 1601 farinam

255 1635 336 1700 Olla
352 1645 480 1720 coquat
496 1638 628 1720 pariter
644 1637 810 1703 ferventis
825 1637 861 1700 in
879 1637 959 1718 igne
976 1636 1113 1714 culina,

254 1735 403 1820 Hacque
419 1738 524 1801 istum
542 1737 656 1801 calida
672 1736 847 1802 sanandus
864 1737 993 1819 inunge
1009 1738 1201 1803 tumorem!

254 1836 344 1902 Haec
365 1857 559 1901 memorans
586 1838 785 1903 conscendit
802 1856 941 1921 equum,
958 1858 1028 1921 quo
1045 1845 1200 1916 venerat,

403 1937 463 2002 illo
1215 1956 1245 2002 ιε
1275 1976 1277 1980 -

253 2036 351 2103 Galle
367 2039 506 2103 domum
527 2056 704 2117 remeans;
733 2037 884 2101 monitus
894 2038 1071 2103 medecina
1082 2046 1202 2104 secuta

402 2148 467 2217 est,

254 2236 479 2323 Agnovitque
495 2258 594 2303 sacer
611 2237 780 2302 medicum
798 2240 935 2305 venisse
952 2241 1092 2322 superni

252 2340 276 2403 J
278 2340 389 2404 udicis
406 2361 428 2404 a
445 2340 532 2406 solio
551 2359 696 2416 summo,
714 2340 772 2421 qui
790 2359 931 2405 munere
947 2342 1084 2405 clausos

255 2440 425 2505 Restituit
440 2441 538 2505 visus
556 2440 660 2523 piscis
679 2439 721 2502 de
738 2439 818 2503 selle
835 2441 965 2506 Tobiae.
1215 2462 1247 2506 ao

596 2673 761 2751 CAPUT
783 2687 857 2754 III.

255 2860 408 2932 Quomodo
424 2860 521 2924 centis
536 2864 673 2926 oratione
687 2864 822 2941 mutatis,
836 2876 919 2927 rates
937 2887 1045 2929 oceano
1061 2865 1200 2950 delapsas

567 2966 720 3027 revocarit
736 2965 777 3026 cd
792 2965 893 3028 littam

191 3198 197 3212 ,
303 3132 404 3198 Hinc
422 3154 522 3206 sacra
538 3139 662 3223 majori
679 3140 837 3205 firmatus
853 3143 975 3207 robore
991 3144 1107 3221 corda,

253 3233 509 3301 Celsithronum
527 3239 647 3306 didicit
664 3242 823 3324 precibus
837 3242 977 3325 pulsare
994 3231 1180 3310 tonantem.
1213 3258 1244 3303 2⁵

304 3335 369 3399 Est
384 3337 481 3401 locus
499 3339 644 3422 insignis
659 3341 757 3406 fluvii
770 3362 875 3426 super
890 3343 981 3407 ostia
998 3343 1090 3422 Tini,

253 3435 393 3500 Eximio
406 3436 481 3520 jam
499 3446 581 3503 tunc
599 3441 843 3505 monachorum
859 3444 1018 3508 examine
1035 3445 1189 3528 pollens3

254 3535 324 3614 Qui
341 3536 506 3602 veherent
523 3539 604 3603 dum
621 3541 717 3624 ligna
733 3541 877 3626 feriper
894 3551 993 3627 terga
1009 3545 1140 3627 fluenti,

255 3637 423 3701 Fluminis
441 3646 476 3703 et
491 3643 584 3705 venti
604 3643 718 3707 subito
736 3642 906 3709 feriuntur
923 3647 966 3709 ab
983 3647 1065 3710 ictu.

286 3945 436 4010 ⁹lagonis]
456 3946 488 3996 Id
498 3953 544 4011 est,
557 3949 651 4012 herbis,
660 3950 713 4010 H.;
774 3947 793 3980 ¹⁶
800 3952 932 4016 dictitas]
950 3953 1064 4015 Monitis,
1077 3956 1105 4004 C.
1119 3955 1149 4002 H
1161 3960 1200 4015 2.;

251 4018 392 4081 medicinis,
419 4019 459 4067 vel
482 4020 714 4084 cataplasmatibus,
738 4024 869 4085 monitum,
883 4024 918 4073 H.

254 4092 283 4139 C.
292 4091 321 4138 H
331 4093 356 4152 2,
366 4091 441 4151 gloss.
774 4090 791 4120 ²¹
805 4093 891 4142 Carus
903 4087 968 4162 111.]
984 4095 1036 4144 vn.
1050 4095 1122 4144 Pras.
1136 4097 1199 4158 Cap.

738 4175 778 4212 ιιι.
