2850 4890
335 350 723 411 VITAS.GUTHBERT1,
742 351 855 399 auor.
874 350 991 398 anon.
1074 333 1140 399 279

179 495 299 565 comite,
309 496 399 573 juxta
414 493 533 555 fluvium
545 496 633 555 etiarn
649 495 730 574 qnod
745 495 852 554 dicitur
863 495 962 574 Opide
974 495 1134 566 habitante,

179 581 344 652 invitatum,
359 581 397 640 ad
413 581 511 640 vicum
530 584 594 660 ejus
613 602 681 640 cum
699 582 821 661 psalmis
835 591 866 640 et
880 582 997 661 hymnis
1013 590 1135 640 cantan-

176 667 255 725 tibus
269 667 405 744 religiose
420 668 561 746 pervenit.
605 665 753 746 Suscepto
768 688 838 745 ergo
848 668 985 746 henigne,
996 667 1133 726 dominns

177 771 260 811 meus
285 751 441 831 cujusdam
461 754 538 812 servi
563 754 628 831 ejus
650 753 865 833 desperabilem
889 760 919 811 et
939 752 1134 811 miserabilem

147 838 269 897 avitam
290 839 319 896 in
339 836 506 896 infirmitate
521 839 587 917 jam
609 838 792 919 depressam,
814 839 883 918 quin
903 838 961 897 imo
980 839 1009 896 in
1031 838 1133 897 ultimo

171 925 238 1001 jam
252 924 355 1001 spiritu
369 923 554 982 anhelantem
565 934 595 982 et
604 925 773 984 morientem
785 924 943 1003 judicavit.
989 923 1132 982 Misertus

176 1015 273 1067 autem
289 1015 409 1069 sanctus
423 1010 584 1089 episcopus
596 1010 672 1068 bene
684 1009 816 1068 dieensei
830 1029 949 1089 aquam,
959 1009 1133 1068 ministranti

174 1094 286 1153 etmihi
300 1095 473 1175 praecipiens
487 1094 573 1166 dixit,
589 1102 598 1128 ⁴
615 1093 665 1154 Da
684 1116 770 1156 servo
787 1095 898 1154 domini
915 1095 957 1153 tui
975 1092 1131 1153 infirmanti

174 1198 294 1258 aquam,
311 1180 380 1239 Deo
399 1180 569 1259 adjurante,
589 1180 750 1240 secundum
770 1180 859 1240 fidem
878 1189 1009 1239 nostram
1028 1180 1132 1238 saluti-

132 1264 279 1334 1⁰leram,
307 1274 341 1325 ut
375 1265 522 1326 Dominus
555 1267 583 1325 ci
616 1265 772 1343 indulgens
797 1266 907 1326 delicta
941 1275 1131 1345 peccatorum

174 1370 304 1420 suorum,
328 1371 381 1430 pro
403 1352 510 1430 quibus
533 1351 660 1411 afflictus
682 1361 738 1421 est,
763 1360 814 1411 aut
836 1351 1020 1431 inpraesenti
1041 1350 1130 1409 vitam

173 1437 301 1505 victuro,
310 1444 361 1494 aut
369 1436 502 1496 insuturo
512 1438 614 1497 seculo
625 1437 751 1508 obituro,
763 1437 892 1515 requiem
903 1436 1012 1495 laboris
1023 1435 1132 1494 donet!

174 1521 242 1599 Ego
265 1523 331 1599 jam
349 1524 473 1601 jamque
502 1532 651 1602 praecepto
678 1522 820 1582 obediens
847 1540 899 1600 per
922 1529 966 1580 ter
990 1520 1130 1601 depotavi

177 1627 255 1676 eum,
270 1626 359 1686 quem
371 1608 433 1666 sine
448 1628 540 1678 mora,
556 1607 666 1688 Spiritu
682 1608 742 1668 Dei
759 1607 929 1678 auxiliante,
944 1608 991 1684 (ut
1004 1606 1130 1686 Spiritus

133 1710 163 1754 15
177 1692 305 1752 Sanctus
317 1695 413 1751 nescit
426 1692 510 1752 tarda
521 1694 676 1753 molamina
678 1695 699 1769 ‚)
710 1693 891 1754 vivificatum
903 1701 991 1771 atque
1002 1691 1130 1772 antiquae

177 1779 296 1867 sanitati
325 1778 472 1839 redditum
504 1781 617 1859 aspexi.
673 1779 715 1838 Et
741 1779 839 1839 adhuc
867 1779 971 1838 virens
1002 1776 1131 1836 Domino

177 1856 286 1942 gratias
312 1865 422 1941 agebat
444 1863 622 1925 benedicens
651 1865 804 1946 episcopo,
828 1864 891 1924 sine
917 1863 1131 1922 intermissione

177 1951 282 2008 orabat
295 1969 348 2029 pro
363 1949 420 2010 eo.'

220 2040 296 2109 §32
319 2035 366 2094 Eo
381 2043 512 2113 tempore
527 2056 586 2116 quo
601 2035 743 2114 Egiridus
758 2055 821 2105 rex,
837 2035 992 2094 Pictorum
1007 2052 1131 2111 regnum
1150 2052 1216 2094 rnen
1218 2056 1264 2096 ru
1274 2060 1298 2096 or

132 2137 164 2182 2⁰
176 2119 372 2200 depopulans
398 2131 548 2201 postremo
576 2131 673 2181 tamen
702 2120 865 2181 secundum
892 2119 1131 2199 praedestinatum
1149 2104 1262 2196 Ἧξὲῑξ

177 2206 237 2265 Dei
244 2205 392 2285 judicium
407 2206 589 2287 superandus
604 2217 633 2267 et
643 2206 836 2278 occidendus
846 2206 995 2276 vastabat,
1010 2213 1131 2264 sanctus
1151 2206 1204 2246 ¹¹¹¹·

177 2294 338 2371 episcopus
362 2303 463 2351 noster
491 2291 531 2352 ad
559 2294 709 2353 civitatem
739 2292 811 2351 Luel
843 2311 969 2372 pergens
998 2291 1132 2350 visitavit

174 2380 315 2456 reginam,
330 2377 390 2437 illic
410 2379 450 2437 rei
470 2378 609 2438 effectum
628 2385 861 2458 exspectantem.
907 2376 1039 2435 Sabbato
1059 2395 1130 2453 ergo

177 2462 237 2534 die,
263 2464 340 2523 sicut
361 2465 525 2544 presbyteri
547 2473 578 2524 et
601 2463 729 2534 diaconi,
745 2485 783 2523 ex
807 2464 914 2542 quibus
934 2461 1017 2521 multi
1032 2460 1130 2520 adhuc

131 2567 163 2612 25
175 2556 341 2629 supersunt,
358 2548 586 2621 affirmaverunt,
605 2551 678 2609 hora
696 2570 785 2619 nona,
804 2547 1059 2608 considerantibus
1072 2547 1131 2606 illis

173 2655 286 2693 murum
301 2635 431 2695 civitatis
446 2645 476 2694 et
485 2635 595 2695 sontem
608 2637 637 2694 in
653 2656 690 2695 ea
703 2656 721 2694 a
732 2634 878 2694 Romanis
893 2635 964 2693 mire
978 2633 1046 2692 olim
1062 2652 1131 2691 con-

175 2730 330 2791 structum,
355 2721 517 2780 secundnm
540 2720 570 2779 id
594 2721 675 2801 quod
695 2720 785 2798 Paga
809 2720 937 2779 civitatis
957 2720 1131 2799 praepositus

174 2806 287 2866 ducens
303 2827 354 2865 eos
369 2807 520 2877 revelavit,
536 2816 617 2866 stans
631 2807 790 2886 episcopus
803 2808 892 2885 juxta
909 2805 1047 2864 baculum
1065 2825 1131 2863 sus·

174 2893 354 2961 tentationis,
369 2892 507 2952 inclinato
521 2893 618 2972 capite
632 2892 672 2952 ad
685 2901 791 2951 terram
810 2890 958 2960 deorsum,
978 2898 1008 2948 et
1026 2890 1130 2950 iterum

129 2994 163 3039 ao
174 2978 297 3038 elevatis
308 2977 402 3036 oculis
411 2978 450 3037 ad
462 2977 568 3037 coelum
577 2979 739 3058 suspirans,
751 2978 803 3047 ait,
819 2983 827 3009 ‘
840 2977 881 3046 Ο,
891 2995 921 3046 o,
932 2975 968 3034 o!
992 2974 1130 3035 existimo

174 3066 250 3122 enim
274 3072 473 3143 perpetratum
495 3083 562 3122 esse
582 3064 702 3134 bellum,
717 3063 945 3142 judicatumque
962 3081 1029 3120 esse
1048 3059 1130 3139 jndi-

176 3150 254 3208 cium
278 3147 316 3207 de
340 3149 458 3229 populis
482 3149 589 3209 nostris
617 3150 794 3208 bellantibus
824 3147 1002 3207 adversum!
1044 3146 1129 3205 Tunc

168 3236 233 3312 jam
251 3232 405 3312 diligenter
419 3236 637 3294 sciscitantibus
652 3234 709 3293 illis
727 3232 799 3312 qnid
818 3231 929 3292 iactum
943 3237 1034 3301 esset,
1053 3233 1129 3291 scire

92 3339 96 3347 ·
174 3318 341 3378 volentibus
356 3321 509 3380 occultans
525 3320 686 3400 respondit,
701 3327 710 3353 ‘
723 3319 750 3379 Ο
763 3318 846 3378 filioli
860 3319 927 3388 mei,
942 3316 1128 3378 considerate

131 3423 161 3466 35
174 3424 261 3483 quam
284 3403 465 3464 admirabilis
490 3408 528 3465 sit
547 3426 607 3476 aer,
628 3414 658 3466 et
679 3405 800 3464 recolite
821 3424 911 3484 quam
929 3403 1130 3463 inscrutabilia

175 3500 244 3550 sunt
257 3490 374 3569 judicia
397 3490 477 3550 Dei!
521 3491 628 3570 Itaque
646 3499 716 3571 post
732 3510 846 3570 paucos
864 3490 929 3549 dies
949 3489 1081 3549 mirabile
1097 3496 1129 3548 et

120 3585 124 3591 '
171 3576 352 3635 lacrimabile
369 3575 480 3636 bellum
498 3575 527 3635 in
545 3577 649 3636 eadem
669 3577 742 3636 hora
762 3586 793 3635 et
808 3575 913 3635 eadem
931 3574 990 3645 die,
1010 3595 1069 3654 qua
1086 3575 1129 3633 illi

172 3671 323 3722 ostensum
337 3672 394 3732 est,
410 3661 498 3740 longe
512 3662 632 3741 lateque
647 3662 815 3722 nunciatum
829 3682 897 3721 esse
911 3660 1074 3720 audierunt.

216 3892 341 3965 ¹0pide.]
383 3898 473 3947 Twide
489 3895 522 3962 (t)
569 3894 632 3948 This
667 3912 721 3947 was
733 3898 793 3947 then
806 3912 837 3945 on
850 3896 890 3944 his
905 3909 962 3956 way
978 3894 1042 3942 from
1058 3893 1126 3942 Mel·

171 3967 315 4028 conjecture
339 3968 362 4016 is
386 3969 511 4017 rendered
542 3968 633 4029 highly
667 3973 763 4018 roseto
776 3965 948 4017 Lindisfarne.

172 4038 295 4100 probablc
317 4038 351 4098 by
376 4036 473 4088 Beda's
496 4039 634 4100 narrative,
703 4035 723 4066 ¹⁹
739 4033 1127 4100 Eotempore.]Vit.Pros.Cap.

173 4108 258 4157 which
275 4107 380 4158 informs
393 4123 423 4158 us
436 4110 491 4159 that
503 4109 546 4159 the
563 4111 635 4160 Saint
669 4122 761 4170 xxv113
782 4109 836 4157 Vit.
849 4108 915 4157 Met.
929 4107 995 4167 Cap.
1007 4117 1084 4154 xxix.
