2850 4890
239 336 304 400 280
613 347 824 394 nrrnnnrx.

65 516 190 558 ranam,
284 500 361 568 538.
384 492 437 553 Ad
456 493 579 552 eandem
599 493 799 573 supradictam
815 493 965 552 civitatem
984 494 1060 553 Luel
1079 493 1199 572 quidam

66 570 201 661 lam?
243 582 422 641 anachoreta
436 579 608 659 probabilis,
624 581 739 638 nomine
756 580 935 649 Hereberht,
949 581 989 639 ab
998 580 1106 638 insulis
1120 580 1200 639 oeci·

243 665 370 726 dentalis
390 667 477 724 maris
495 673 562 724 ante
577 664 615 723 ad
638 685 703 723 eum
722 665 842 724 assidue
861 684 999 743 pergens,
1013 665 1053 725 ad
1068 666 1201 745 episcopi

243 772 319 810 nunc
348 751 527 830 colloquium
555 751 689 819 tetendit,
713 760 744 810 et
767 750 929 810 secundnm
953 750 1199 811 consuetudinem

243 858 325 896 suam
349 837 529 916 colloquium
550 837 680 913 spiritale
702 846 770 916 post
793 838 952 895 orationem
974 838 1050 895 inter
1072 857 1125 896 eos
1147 835 1203 895 fre·
1225 855 1238 897 5

243 933 412 1002 quentatam
425 922 585 982 renovavit.
613 921 709 1000 Igitur
718 923 877 1002 episcopus
889 931 1012 982 sanctus
1027 929 1097 1002 post
1111 920 1202 981 multa

244 1009 336 1067 rerba
350 1008 500 1088 spiritalia,
510 1008 617 1087 quibus
631 1009 793 1066 instruebat
806 1028 883 1076 eum,
894 1009 936 1066 ait
948 1008 1134 1087 prophetice,
1145 1008 1201 1067 hoc

245 1093 320 1152 enirn
333 1093 431 1153 multis
440 1093 566 1162 dixerat,
581 1101 589 1126 ‘
602 1094 630 1152 Ο
641 1093 730 1153 frater
738 1095 899 1163 carissime,
910 1092 1044 1172 loquere,
1056 1095 1204 1172 interroga

247 1181 415 1239 necessaria
430 1180 492 1248 tibi,
501 1181 566 1257 jam
582 1180 657 1237 enim
677 1180 715 1238 ab
732 1180 790 1238 hac
805 1180 877 1238 hora
891 1199 1041 1258 nunquam
1057 1181 1162 1238 iterum
1176 1181 1204 1238 in

245 1267 302 1325 hoc
317 1266 431 1333 seculo,
446 1266 524 1324 sicut
537 1264 654 1323 Paulus
667 1266 804 1344 Ephesiis
815 1266 1000 1344 promiserat,
1011 1285 1068 1323 nos
1079 1266 1201 1324 invicem
1213 1280 1241 1325 lu

246 1353 352 1410 erimus
373 1349 486 1410 visuri'
539 1351 624 1408 Tunc
647 1371 716 1410 vero
739 1352 925 1419 anachoreta,
946 1351 1057 1409 volutis
1080 1352 1202 1428 genibus

245 1436 423 1516 antepedes
445 1439 521 1515 ejus,
540 1434 614 1494 flens
638 1445 668 1494 et
689 1437 844 1495 lacrimans
865 1436 916 1505 ait,
938 1436 1086 1514 ‘Adjnro
1103 1444 1134 1495 te
1152 1457 1204 1516 per

246 1523 352 1581 Jesum
366 1521 515 1580 Christum
530 1521 621 1580 tilium
638 1521 708 1591 Dei,
724 1530 756 1580 ut
770 1542 856 1600 roges
870 1532 1004 1580 sanctam
1017 1522 1203 1593 Trinitatem,

246 1617 278 1667 ut
292 1628 328 1666 ne
339 1628 385 1666 me
396 1609 424 1665 in
436 1608 572 1687 praesenti
586 1607 688 1665 seculo
701 1609 834 1666 orbatum
847 1627 865 1666 a
876 1616 904 1665 te
914 1616 984 1686 post
994 1607 1108 1666 obitum
1123 1616 1205 1667 tuum

246 1693 440 1773 derelinquat,
457 1692 509 1752 sed
529 1694 557 1751 in
578 1692 717 1770 gaudium
738 1695 838 1752 aeterni
855 1694 936 1770 regni
950 1701 1048 1752 tecum
1068 1713 1117 1752 me
1130 1694 1243 1754 reci-15

247 1780 330 1858 piat!
373 1778 431 1838 Cui
439 1788 536 1838 autem
547 1777 595 1836 ille
607 1780 706 1838 statim
716 1799 803 1859 orans
813 1777 964 1858 respondit
972 1778 1072 1837 adhuc
1078 1778 1205 1858 jacenti,

249 1864 369 1942 ‘Surge
397 1873 428 1922 et
456 1863 564 1942 gaude,
592 1865 649 1922 hoc
678 1865 752 1922 enim
782 1884 800 1923 a
825 1863 953 1924 Domino
979 1862 1054 1923 Jesu
1085 1864 1206 1924 Christo

249 1949 410 2009 secundum
424 1951 546 2009 verbum
562 1958 642 2008 tuum
657 1957 853 2030 perpetratum
873 1959 903 2008 et
920 1949 1118 2008 indubitatum
1131 1952 1206 2010 reci·

249 2036 332 2114 pies!
374 2034 456 2111 Ergo
474 2038 543 2115 quia
558 2038 653 2114 magis
673 2056 769 2095 moror
785 2036 874 2114 longo
893 2035 1004 2094 ambitu
1028 2036 1207 2095 verborum?

249 2121 320 2180 Uno
334 2129 463 2199 tempore
479 2142 594 2199 unaque
605 2131 692 2181 nocte
704 2131 733 2179 et
743 2121 847 2180 endem
858 2123 929 2181 hora
939 2121 1033 2180 noctis
1044 2122 1206 2202 episeopus
1216 2136 1245 2182 2⁰

248 2217 279 2266 et
292 2208 470 2265 anachoreta
486 2215 606 2286 uterque
621 2208 694 2266 obiit
710 2208 872 2266 secundum
891 2207 1114 2287 promissionem
1128 2209 1206 2289 epis·

249 2293 328 2373 copi,
342 2301 498 2371 regnantes
514 2292 600 2351 simul
615 2313 683 2352 cum
698 2291 817 2353 Christo
832 2294 860 2351 in
876 2293 979 2351 secula
993 2293 1174 2353 seculorum.

101 2404 149 2431 reve
159 2405 170 2431 a
181 2393 200 2450 ro
292 2384 305 2451 ξ
320 2384 368 2436 39.
392 2377 580 2438 Fidelissima
594 2379 745 2437 abbatissa
760 2378 878 2438 Elfleda
893 2378 930 2437 de
946 2389 1051 2438 sancto
1062 2381 1207 2459 episcopo

96 2457 108 2483 ⁴¹
124 2457 135 2482 ⁶
153 2458 165 2482 ⁰
180 2454 223 2481 '¹⁰¹'
249 2463 330 2523 aliud
345 2464 474 2523 scientiae
489 2465 648 2543 spiritualis
663 2465 835 2524 miraculum
846 2465 916 2522 mihi
926 2464 1077 2524 revelavit.
1123 2464 1207 2524 Nam

251 2570 318 2609 cum
330 2548 459 2628 quadam
472 2549 520 2608 die
535 2551 563 2607 in
575 2551 716 2628 parochia
726 2553 803 2627 ejus,
815 2571 882 2629 quae
891 2550 997 2609 dicitur
1008 2550 1207 2629 Osingadum,
1217 2564 1246 2610 25

251 2635 337 2694 simul
354 2635 381 2692 in
396 2636 533 2695 convivio
547 2635 674 2706 sederet,
688 2635 762 2694 vidit
775 2636 919 2695 hominem
934 2636 993 2695 Dei
1004 2636 1076 2695 miro
1087 2646 1207 2715 stupore

252 2723 281 2779 in
303 2741 429 2780 excessu
445 2723 551 2780 mentis
566 2728 753 2800 occupatum,
769 2721 963 2799 cultrumque,
980 2721 1059 2801 quod
1077 2722 1209 2782 hahebat

252 2808 280 2864 in
298 2827 398 2876 manu,
419 2827 507 2887 super
526 2827 656 2866 mensam
675 2806 814 2866 deserens
834 2807 952 2867 cecidit.
997 2806 1043 2867 At
1063 2807 1126 2879 illa,
1142 2808 1206 2867 aliis

252 2912 309 2951 non
335 2892 532 2963 audientibus,
557 2892 702 2951 humiliter
725 2893 915 2970 interrogavit
935 2892 1006 2972 quid
1030 2903 1113 2953 esset
1126 2893 1208 2974 qnod

253 2987 404 3037 ostensum
434 2985 506 3037 erat.
560 2978 632 3056 lpse
660 2999 730 3037 vero
760 2977 920 3059 respondit,
950 2978 1050 3037 ‘Vidi
1080 2981 1246 3039 animamtu

254 3065 331 3123 servi
361 3063 420 3123 Dei
448 3083 485 3122 ex
510 3062 621 3122 familia
649 3071 700 3122 tua
728 3065 802 3122 inter
828 3084 932 3123 manus
960 3065 1134 3143 angelorum
1169 3064 1208 3125 ad

254 3149 360 3208 coelum
378 3148 483 3216 efferri,
502 3158 532 3207 et
550 3151 578 3207 in
599 3149 689 3209 choro
710 3150 878 3227 angelorum
892 3159 1120 3229 sanctorumque
1134 3170 1208 3210 mar-

253 3241 351 3311 tyrum
370 3234 567 3294 collocatam!
611 3234 807 3314 Interroganti
832 3245 929 3294 autem
951 3237 988 3305 ei,
1010 3257 1070 3314 quo
1092 3237 1209 3296 nomine

254 3328 421 3386 vocaretur,
445 3320 608 3397 respondit,
634 3319 698 3378 ‘Tu
722 3322 791 3379 mihi
815 3341 881 3380 cras
906 3320 1066 3380 celebranti
1086 3323 1208 3381 missam

256 3405 420 3462 nominabis
435 3406 523 3463 eum?
567 3405 675 3484 Itaque
695 3407 722 3464 in
742 3406 793 3465 illa
812 3407 883 3466 hora
905 3408 1057 3466 abbatissa
1074 3408 1246 3467 mittebattt

256 3489 392 3547 nuncium
404 3489 443 3547 ad
458 3490 621 3549 caenobium
636 3512 720 3550 suum
736 3493 911 3571 interrogare
926 3493 991 3571 quis
1006 3513 1045 3551 ex
1057 3492 1208 3553 Fratribus

257 3594 350 3652 nuper
374 3585 454 3633 esset
477 3575 644 3646 defunctus,
669 3577 717 3635 ille
741 3587 838 3636 autem
864 3599 966 3637 omnes
986 3579 1122 3638 virentes
1151 3581 1210 3639 illic

257 3661 416 3719 invenerat.
461 3660 620 3721 Postremo
634 3671 730 3721 tamen
746 3663 898 3740 diligenter
914 3664 1103 3742 inquirentes,
1119 3686 1208 3724 unum

257 3767 293 3804 ex
309 3747 460 3806 Fratribus
476 3767 576 3806 eorum
593 3749 620 3805 in
636 3749 832 3828 pastoralibus
844 3749 1030 3818 habitaculis,
1044 3749 1083 3808 de
1095 3771 1209 3810 summo

257 3835 419 3892 cacuminis
434 3833 504 3911 ligni
522 3833 660 3892 deorsum
681 3835 833 3894 cadentem
854 3835 948 3894 fracto
968 3856 1090 3914 corpore
1109 3840 1210 3896 exani·
1293 3875 1295 3882 =

451 4087 457 4116 ¹
475 4090 515 4138 Ar
527 4085 644 4164 euristeus]
674 4091 726 4139 Vit.
741 4093 812 4138 l’ros.
826 4092 891 4153 Cap.
905 4105 1002 4141 xxrrn.
