2850 4890
280 336 324 402 32
564 356 649 403 vrrs
672 357 702 404 e.
726 358 947 421 corennum,

495 665 500 673 ’
558 686 724 754 curor
749 687 954 753 xxxin.

282 863 436 937 Quomodo
459 860 607 950 langueas
631 867 664 927 iu
692 867 761 949 ipso
784 861 888 927 insula
910 884 1020 946 corpus
1045 886 1131 927 saum
1151 867 1232 948 poni

317 965 509 1047 praeeperat,
533 963 628 1028 simul
650 977 678 1028 et
693 966 728 1028 de
742 964 851 1051 glorio
871 964 1037 1047 posthumo
1056 988 1227 1028 commemo-

323 1086 398 1126 rans
413 1063 510 1128 illios.

329 1212 442 1292 Qoou
457 1215 583 1279 dilecta
599 1216 706 1279 sacris
720 1214 832 1279 reddit
842 1234 928 1278 >mox
941 1215 1056 1279 insula
1070 1217 1176 1280 muris
1256 1234 1271 1276 o

276 1312 448 1396 Tangitur
462 1315 618 1398 ingenito
633 1316 759 1380 sensim
776 1316 834 1398 pia
852 1316 1004 1379 membra
1018 1315 1148 1380 dolore.

277 1412 388 1496 Inque
405 1416 478 1479 dies
491 1416 625 1480 instans
639 1436 717 1481 cum
731 1423 899 1479 cresceret
915 1416 1050 1479 ossibus
1067 1416 1181 1495 ardor,

276 1514 446 1579 Dulcibus
461 1517 636 1598 egreditur
651 1515 788 1594 castris,
803 1517 1000 1598 sociamque
1017 1523 1192 1583 catervam

276 1612 364 1692 Quae
381 1616 472 1680 fesso
489 1618 662 1699 gaudebat
677 1635 787 1682 ovans
803 1617 932 1680 servire
948 1616 1096 1698 parenti,

275 1715 515 1799 Blandiloquis
532 1717 665 1782 studuit
679 1717 796 1779 creber
811 1716 945 1780 firmare
960 1716 1121 1780 suadelis.
1236 1734 1268 1778 ro

272 1819 283 1848 ‘
295 1815 439 1893 Discite,
457 1816 565 1894 filioli,
579 1817 713 1899 fragilis
727 1816 919 1881 retinacula
935 1817 1017 1880 secli

274 1914 461 1998 Rumpere,
477 1923 512 1980 et
529 1924 678 1981 aeternas
694 1917 809 1980 animo
822 1916 897 2000 jam
913 1916 1060 1980 condere
1075 1937 1192 1998 gazas.

273 2014 317 2078 In
334 2015 437 2080 dubio
455 2017 582 2098 pendet
598 2024 792 2080 contemtus
806 2016 984 2099 honorque
999 2016 1148 2080 caducus

272 2115 436 2194 Stamina,
455 2137 523 2199 quo
538 2117 676 2181 discunt
692 2116 823 2180 meritis
839 2116 897 2199 pia
912 2124 1054 2199 pectora
1063 2117 1169 2201 justis

271 2215 554 2300 Haudquaquam
572 2216 704 2282 volucri
717 2219 780 2281 sub
798 2224 953 2299 tempore
966 2237 1121 2300 quaerere
1144 2219 1263 2285 lau-15

420 2317 509 2396 dem,

271 2413 351 2493 Qua
364 2437 465 2483 nemo
479 2418 631 2482 latebras
648 2417 758 2482 clausi
772 2418 828 2482 vel
844 2436 986 2482 noscere
999 2418 1113 2482 cordis

270 2515 456 2595 Praevalet,
470 2518 621 2583 inventis
638 2519 693 2584 vel
709 2518 816 2600 digna
832 2518 1019 2600 rependere
1036 2518 1143 2600 gestis
1157 2539 1165 2598 3

269 2615 364 2681 Puro
380 2618 440 2682 sed
457 2618 535 2683 visu
549 2626 685 2701 portam
700 2618 916 2701 speculantia
931 2619 1040 2701 regni,

268 2715 372 2795 Quod
389 2719 485 2783 dabit
501 2718 660 2783 aethereae
674 2718 799 2800 dignus
815 2738 878 2782 rex
893 2714 1033 2782 inclitus
1049 2719 1150 2796 aulae,
1228 2738 1262 2782 no

269 2815 425 2882 Condere
441 2819 605 2884 oliviferis
618 2820 752 2882 malunt
765 2838 829 2882 sua
839 2818 971 2882 lumina
987 2820 1093 2885 vasis.

267 2915 321 2980 En
338 2939 393 2982 me
407 2918 558 2984 sidereas
574 2920 689 2983 animo
706 2921 856 3002 spirasse
870 2920 993 3002 supino

266 3015 290 3078 J
293 3036 348 3079 arn
364 3020 545 3101 stupuistis
562 3039 657 3102 opeS,
674 3019 734 3083 sed
749 3020 899 3102 pectoris
916 3020 1034 3083 abdita
1051 3019 1116 3083 soli

268 3115 429 3181 Claustra
466 3126 588 3201 patent
614 3119 776 3198 Domino,
808 3121 922 3184 carnis
953 3140 1031 3202 quae
1062 3119 1214 3203 pondere

416 3226 518 3300 rupto
1225 3239 1256 3284 aa

264 3312 438 3396 Incipient
453 3320 556 3382 certis
567 3319 654 3403 jam,
671 3320 784 3396 credo,
801 3326 976 3402 patescere
991 3319 1111 3402 signis

240 3422 244 3428 '
264 3413 332 3478 Sed
349 3436 481 3497 precor,
495 3419 659 3484 insistens
675 3420 791 3503 pulsat
808 3421 890 3502 quia
904 3419 1023 3484 limina
1039 3422 1158 3496 letum,

265 3514 343 3578 Hos
359 3517 447 3580 utin
462 3517 515 3582 his
532 3521 664 3583 tumulo
679 3520 849 3583 mandetis
866 3521 1037 3584 moenibus
1053 3528 1151 3584 artus
1165 3541 1174 3600 ;

264 3614 373 3697 Spero
388 3616 470 3682 licet
484 3618 600 3682 flabris
618 3619 784 3702 gelidisve
800 3620 962 3683 absumar
977 3623 1013 3684 in
1030 3620 1144 3698 undis,

264 3713 395 3781 Obvius
408 3717 444 3781 in
461 3726 600 3800 puncto,
619 3719 757 3783 Christo
773 3720 944 3798 veniente,
959 3720 1161 3804 resurgam!
1223 3740 1255 3784 so

424 3992 432 4024 ¹
444 3994 532 4046 Cirur
542 3996 689 4060 xxxma]
706 3996 758 4047 Vit.
771 3997 844 4048 Pros.
857 3995 922 4059 Cap.
934 4009 1039 4047 xxxvii.
