2850 4890
500 1067 942 1152 neenunin

597 1437 799 1498 NUMBER
821 1437 849 1499 1.

290 1604 485 1671 Venerabilis
500 1605 612 1670 Brun
627 1606 759 1692 epistola
773 1607 819 1670 ad
830 1604 983 1670 Albinum
997 1604 1171 1669 abbatem².
1226 1610 1227 1613 ’

247 1780 580 1840 Desinenirissrno
592 1789 622 1840 et
636 1781 870 1841 reverentissimo
883 1780 960 1860 patri
975 1778 1100 1851 Albino,
1117 1778 1204 1839 Beda

218 1883 233 1926 t
249 1865 360 1926 Christi
374 1867 514 1937 famulus,
529 1866 663 1928 salutem.
709 1867 936 1928 Gratantissime
952 1866 1070 1945 suscepi
1084 1885 1205 1924 munus·

248 1952 315 2011 cula
329 1960 387 2012 tuae
401 1953 577 2023 dilectionis,
588 1973 655 2031 quae
670 1973 722 2031 per
733 1953 927 2030 venerabilem
942 1952 1060 2011 fratrem
1074 1958 1205 2010 nostrum

249 2037 445 2098 Nothelmum
466 2039 669 2117 presbyterum
688 2037 802 2097 mittere
817 2039 955 2115 dignatus
974 2058 1019 2106 es,
1033 2047 1064 2096 et
1077 2036 1205 2096 maxime

248 2125 372 2194 litteras,
385 2124 491 2203 quibus
503 2143 550 2182 me
558 2126 623 2202 jam
634 2123 843 2183 secunda‘vice
854 2125 881 2182 in
892 2123 1099 2182 ecelesiastica
1110 2122 1205 2200 gentis

249 2220 357 2269 nostrae
371 2210 504 2278 historia,
519 2209 557 2268 ad
572 2230 660 2288 quam
676 2229 723 2267 me
737 2210 920 2268 scribendam
932 2206 1110 2286 jamdudum
1124 2207 1206 2266 iusti-

206 2311 239 2355 10
251 2315 388 2373 gaveras,
400 2296 501 2354 creber
513 2295 654 2373 adjuvare
665 2293 755 2373 atque
766 2296 916 2355 instituere
926 2295 1046 2354 curasti.
1077 2293 1208 2372 Propter

251 2380 331 2458 qnod
351 2381 464 2460 etipse
484 2381 537 2440 tibi
556 2381 718 2440 rectissime
741 2379 875 2440 eamdem
896 2380 1058 2449 historiam,
1082 2397 1152 2436 mox
1175 2385 1208 2436 ut

251 2486 455 2526 consummare
474 2467 567 2545 potui,
593 2466 632 2524 ad
654 2464 921 2526 transscribendum
941 2465 1049 2525 remisi.
1094 2463 1156 2522 Sed
1178 2472 1208 2522 et

252 2552 343 2622 aliud,
367 2551 447 2630 quod
466 2562 495 2610 te
518 2551 622 2630 partim
644 2551 811 2611 desiderare
834 2551 974 2630 comperi,
997 2550 1134 2609 volumen
1155 2548 1208 2607 tibi

251 2639 317 2696 vice
339 2638 578 2697 remunerationis
603 2657 687 2716 aeque
706 2637 744 2697 ad
760 2634 1029 2696 transscribendum
1049 2633 1208 2704 destinavi,

208 2738 240 2782 15
251 2722 400 2792 videlicet,
413 2722 485 2781 illud
500 2722 580 2800 quod
595 2721 633 2781 de
650 2733 797 2784 structura
815 2723 916 2802 templi
932 2720 1098 2780 Salomonis
1118 2725 1209 2797 atque

253 2808 414 2886 allegorica
427 2810 492 2886 ejus
505 2809 743 2887 interpretatione
757 2828 848 2887 nuper
862 2807 951 2868 edidi.
982 2807 1096 2885 Teque,
1109 2824 1209 2863 aman-

252 2895 366 2953 tissime
395 2903 489 2973 pater,
514 2894 638 2974 supplex
667 2896 804 2963 obsecro,
830 2903 861 2952 ut
884 2914 938 2973 pro
962 2897 1029 2963 mea
1052 2890 1210 2969 fragilitate

255 2999 322 3039 cum
337 2981 394 3048 his,
406 2982 455 3059 qui
471 2986 570 3038 tecum
582 2987 660 3048 sunt,
669 2979 787 3038 famulis
803 2977 924 3047 Christi,
939 2976 1019 3057 apud
1030 2977 1110 3056 pium
1124 2974 1210 3034 Judi-

253 3085 319 3124 cem
340 3064 461 3124 sedulus
476 3065 658 3125 intercedere
672 3065 853 3124 memineris:
876 3063 975 3123 sedet
992 3083 1056 3131 eos,
1074 3060 1112 3121 ad
1133 3082 1209 3140 quus

209 3168 243 3212 20
256 3151 359 3210 eadem
375 3159 475 3210 nostra
488 3151 633 3230 opuscula
647 3151 798 3230 pervenire
811 3149 929 3219 leceris,
942 3150 999 3207 hoc
1014 3147 1092 3206 idem
1110 3146 1210 3206 facere

255 3237 413 3296 monueris.
464 3236 548 3296 Bene
569 3235 648 3306 vale,
673 3256 789 3316 semper
812 3234 1013 3294 amantissime
1036 3235 1065 3293 in
1091 3232 1211 3292 Christo

256 3332 340 3402 pater
353 3324 472 3401 optime.

296 3619 303 3650 ¹
322 3623 372 3672 Sec
393 3621 430 3672 H.
450 3622 482 3670 E.
503 3621 644 3682 Prologus,
662 3621 676 3684 ς
692 3624 717 3669 2.
753 3620 836 3682 Metz,
855 3619 907 3669 and
924 3634 979 3669 was
990 3619 1092 3682 printed
1107 3619 1142 3679 by
1160 3617 1213 3666 him

254 3693 318 3742 This
335 3694 412 3742 letter
429 3706 485 3741 was
503 3692 593 3753 copied
610 3692 645 3753 by
659 3692 717 3740 Ma·
754 3692 780 3738 in
802 3691 843 3740 his
866 3691 964 3740 Vetera
982 3691 1128 3750 Analecta3
1151 3688 1214 3737 Par.

256 3764 337 3813 billon
350 3763 415 3812 lrom
431 3777 448 3812 a
463 3763 520 3812 MS.
534 3762 673 3823 belonging
691 3766 718 3810 to
755 3765 829 3826 1⁷2³,
842 3777 868 3823 p.
882 3765 939 3810 398.

257 3835 301 3884 the
311 3834 460 3895 Monostery
474 3832 503 3882 oi
511 3833 680 3895 sthrnulph
692 3833 717 3881 in
