2850 4890
259 330 303 390 uo
549 344 638 390 vrrn
655 345 684 391 s.
704 343 941 404 cursurum,

583 635 744 701 CAPUT
767 635 903 700 XLIV.

324 805 483 876 Quomodo
499 808 629 892 tepmiue
641 807 777 893 parietis
791 806 856 893 ejus
870 806 989 893 infirmi
1004 817 1160 870 curentur.

307 1013 390 1076 Nnc
405 1020 562 1077 sanctum
578 1012 725 1077 aethereo
740 1019 909 1077 vacuatur
923 1031 1059 1076 munere
1073 1017 1213 1086 tectum,

263 1113 343 1193 Quo
358 1134 455 1180 sacer
470 1122 565 1179 astra
579 1121 700 1196 petens
716 1133 841 1196 corpus
857 1133 1032 1195 exsangue
1047 1114 1194 1195 reliquit,

262 1217 363 1282 Nunc
375 1235 512 1300 quoque
526 1217 586 1280 sed
598 1216 736 1279 solitam
748 1217 896 1298 partitur
906 1217 1032 1298 ubique
1042 1215 1219 1279 medelam.
1250 1233 1265 1276 5

262 1316 414 1402 Altaque
429 1319 603 1394 mirentur,
618 1319 732 1401 proles
748 1318 923 1394 Davitica,
938 1317 1057 1400 templi

262 1420 372 1484 Tecta
387 1419 449 1497 tui,
464 1419 606 1502 gemmis
622 1420 785 1502 quoniam
801 1412 1020 1482 stellantibus
1036 1416 1179 1481 aethram

263 1522 507 1604 AEquiparant‚
520 1521 694 1604 fulvisque
708 1522 837 1584 micant
851 1520 1008 1584 redimita
1020 1519 1153 1600 figuris:

264 1622 351 1686 Plus
367 1623 427 1687 sed
442 1643 505 1705 ego
519 1624 609 1687 vatis
624 1623 742 1686 humili
758 1624 822 1686 sub
838 1622 974 1685 domate
989 1621 1091 1684 miror

264 1723 478 1798 Pelliculam,
494 1732 635 1789 sanctus
650 1724 804 1806 fragilem
820 1743 889 1807 qua
904 1729 1039 1788 texerat
1054 1722 1203 1804 anglum,
1237 1740 1268 1784 1o

265 1824 322 1888 Ne
334 1826 452 1907 pluvia
468 1833 528 1889 aut
541 1827 653 1889 boreae
668 1826 879 1907 penetrabile
893 1825 1000 1905 frigus
1017 1824 1163 1887 adurens

265 1925 414 1989 Irrueret
428 1927 569 2009 passim,
583 1928 810 2010 precibusque
826 1927 984 1993 ardentia
1001 1927 1108 1990 castis

267 2026 381 2090 Corda
395 2026 554 2108 fatigaret
567 2049 575 2108 ;
598 2048 661 2091 nec
676 2048 730 2091 me
746 2029 917 2092 sententia
931 2026 1033 2091 fallit.

266 2124 427 2208 Namque
437 2146 524 2208 opus
533 2126 609 2204 hoc,
619 2127 781 2191 Salomon
790 2128 883 2193 fulvo
893 2126 983 2211 quod
993 2126 1121 2190 fecerat
1133 2144 1225 2201 auro,

268 2226 422 2291 chaldea
437 2236 608 2310 petrarum
624 2229 767 2304 obtexit,
782 2228 866 2292 heu!
890 2229 1028 2292 flamma
1043 2227 1160 2290 ruinis.
1238 2244 1268 2288 rs

267 2327 317 2391 At
331 2348 441 2406 sacra,
457 2329 637 2411 Cutberhti
653 2331 818 2413 appendit
832 2334 910 2414 quae
925 2331 1080 2407 dextera,
1094 2331 1172 2396 vela

268 2429 411 2494 Munere
428 2431 580 2513 Felgeldi
595 2433 752 2515 patulum
767 2434 879 2497 divisa
893 2453 955 2515 per
969 2435 1083 2496 orbem

267 2532 389 2596 Latius
404 2534 439 2595 in
455 2540 574 2614 gentes
588 2534 734 2597 fundunt
748 2533 973 2598 medicamina
988 2534 1112 2597 donum
1126 2553 1134 2611 3

268 2635 503 2717 clarescitque
519 2635 662 2718 chalybs
679 2634 809 2719 Lybico
823 2636 1005 2718 pretiosior
1019 2654 1102 2698 auro

269 2736 390 2814 PelliS,
405 2743 440 2800 et
454 2737 526 2799 cois
541 2737 709 2819 praecellit
722 2737 852 2820 fulgida
868 2739 1018 2820 gemmis,
1239 2756 1271 2800 no

269 2837 407 2900 Tertius
422 2838 478 2903 hic
494 2840 643 2921 proceris
657 2846 773 2903 servat
787 2859 877 2904 nunc
892 2848 1019 2914 castra,
1034 2839 1173 2901 beatum

271 2938 356 3002 Alta
370 2941 550 3003 secuturus
565 2939 663 3005 heres
679 2940 723 3003 ad
739 2959 844 3022 regna
856 2948 1043 3023 parentem.

317 3226 558 3289 ¹ClrurXLlV.]
591 3229 731 3277 Vit.Pros.
806 3225 824 3255 ¹⁸
840 3229 1004 3291 lugentes..
1022 3231 1148 3299 .donum.]
1187 3233 1230 3281 ln-

272 3301 338 3362 Cap.
350 3313 422 3347 xuvr.
771 3301 842 3360 genti
855 3337 862 3351 .
876 3336 883 3350 .
899 3337 905 3349 .
918 3301 989 3363 doni,
997 3301 1034 3350 H.

309 3365 328 3399 ¹²
346 3363 465 3437 Munere]
483 3368 611 3430 Munerat,
624 3368 662 3419 H.
1016 3381 1020 3390 ¹
