2850 4890
258 345 301 409 82
546 361 636 409 vira
655 362 685 408 s.
702 360 935 420 cunnuaorr,

86 530 120 580 Α.
132 531 165 580 1).
176 533 233 579 aar.
260 519 439 583 Passionis
463 520 641 583 dominicae
661 519 827 602 mysteria
851 517 1049 592 celebraret,
1070 515 1220 579 imitare-

86 1755 118 1793 lrlr
129 1760 182 1794 vert-

86 1813 160 1844 manu.

261 630 314 684 tur
342 621 418 702 ipse
446 620 538 702 quod
563 628 689 701 ageret,
719 619 871 701 seipsum
897 617 1058 682 videlicet
1085 616 1162 679 Deo
1184 614 1222 677 in

259 720 373 784 cordis
401 719 606 783 contritione
637 720 840 798 mactand03
877 718 937 782 sed
972 724 1007 780 et
1040 716 1220 780 adstantes

258 821 405 903 populos
434 821 577 884 Sursum
606 819 721 883 Corda
746 819 882 896 habere,
908 826 943 882 et
968 818 1097 900 gratias
1121 836 1221 898 agere

259 922 408 985 Domino
427 922 503 986 Deo
524 929 651 998 nostro,
670 921 781 1002 magis
802 922 878 1004 ipse
897 939 956 983 cor
978 939 1083 1002 quam
1102 937 1223 984 vocem
1249 936 1263 978 s

260 1023 458 1100 exaltando,
478 1023 594 1105 potius
616 1022 780 1104 gemendo
806 1042 910 1104 quam
929 1020 1085 1086 canendo
1104 1019 1221 1082 admo-

262 1130 366 1187 neret.
412 1123 497 1187 Erat
515 1123 588 1187 zelo
603 1123 751 1207 justitiae
771 1122 923 1187 fervidus
944 1122 987 1185 ad
1010 1120 1221 1203 arguendum

260 1231 457 1305 peccantes
472 1232 547 1288 erat
561 1225 682 1305 spiritu
695 1224 968 1288 mansuetudinis
983 1221 1159 1286 modestus
1176 1220 1221 1285 ad

260 1313 505 1407 ignoscendum
530 1325 789 1407 poenitentibus,
813 1326 865 1388 ita
887 1332 929 1388 ut
953 1344 1022 1387 non
1045 1341 1221 1404 nunquam

261 1426 503 1490 confitentibus
517 1424 583 1490 sibi
597 1433 741 1507 peccata
761 1444 826 1488 sua
841 1425 905 1502 his,
920 1425 979 1506 qui
995 1423 1219 1506 deliquerant,
1232 1441 1263 1485 ro

260 1527 352 1607 prior
369 1526 444 1607 ipse
465 1525 631 1590 miserans
652 1525 814 1603 infirmos,
828 1526 988 1589 lacrimas
1006 1524 1173 1601 funderet,
1186 1531 1221 1588 et

261 1626 344 1708 quid
372 1628 545 1708 peccatori
576 1628 744 1709 agendum
772 1635 874 1703 esset,
903 1628 978 1710 ipse
1003 1627 1122 1709 justus
1155 1645 1219 1690 suo

260 1733 539 1808 praemonstraret
575 1728 742 1809 exemplo.
798 1728 1023 1793 Vestimentis
1059 1728 1238 1791 utebatur.

261 1828 508 1903 communibus,
537 1828 587 1891 ita
621 1834 851 1910 temperanter
885 1847 1002 1910 agenS,
1031 1834 1070 1891 ut
1099 1826 1220 1889 horum

260 1946 371 2009 neque
395 1928 572 1992 munditiis
602 1949 714 2012 neque
739 1930 896 1992 sordibus
923 1934 1016 1993 esset
1041 1925 1217 1990 notabilis.
1232 1945 1263 1990 ru

261 2026 362 2090 Unde
380 2048 490 2110 usque
508 2029 609 2094 hodie
629 2032 665 2094 in
686 2031 806 2095 eodem
831 2030 1040 2094 monasterio
1061 2028 1220 2110 exemplo

260 2128 336 2211 ejus
360 2130 572 2208 observatur,
594 2133 717 2214 nequis
738 2132 825 2196 varii
849 2138 910 2194 aut
930 2130 1072 2213 pretiosi
1096 2129 1219 2193 coloris

260 2229 388 2294 habeat
407 2231 653 2311 indumentum,
670 2235 730 2298 sed
755 2254 797 2298 ea
817 2232 964 2296 maxime
981 2232 1128 2297 vestium
1142 2250 1220 2313 spe-

260 2330 312 2393 cie
336 2331 407 2395 sint
426 2335 590 2410 contenti,
605 2354 710 2417 quam
730 2334 898 2399 naturalis
919 2333 1036 2398 ovium
1056 2332 1138 2396 lana
1157 2331 1220 2394 mi·

260 2431 395 2496 nistrat.
1229 2450 1262 2496 20

304 2530 395 2613 §28.
433 2532 501 2597 His
530 2543 566 2599 et
587 2536 783 2620 hujusmodi
808 2537 1021 2620 spiritalibus
1046 2533 1220 2598 exercitiis

260 2633 312 2696 vir
326 2636 545 2714 venerabilis,
563 2644 599 2701 et
617 2639 782 2701 bonorum
803 2657 1015 2720 quorumque
1032 2636 1076 2699 ad
1092 2655 1130 2699 se
1145 2635 1221 2699 imi-

260 2734 402 2798 tandum
422 2739 632 2819 provocabat
650 2737 818 2815 affectum,
834 2745 868 2801 et
891 2739 1063 2820 improbos
1083 2756 1221 2818 quoque

260 2853 302 2898 ac
315 2836 459 2900 rebelles
473 2839 556 2902 vitae
576 2838 742 2919 regularis
757 2858 778 2902 a
791 2838 983 2921 pertinacia
1005 2838 1059 2902 sui
1078 2857 1220 2907 revoca-

260 2935 320 2999 bat
335 2938 465 3001 erroris.
1229 2956 1260 3001 rr

303 3239 430 3289 ⁴Srrrrum
441 3238 543 3311 Corda]
576 3244 722 3293 Theseand
756 3246 900 3294 troduction
917 3251 942 3294 to
961 3246 1005 3295 the
1024 3245 1221 3312 Thanksgiving
1276 3286 1280 3293 .

259 3311 303 3360 the
326 3312 414 3359 words
433 3312 519 3360 which
547 3314 721 3376 immediately
755 3317 779 3362 in
792 3331 839 3365 our
850 3331 908 3363 own
921 3317 1088 3366 Communion
1106 3318 1219 3369 service.

260 3381 348 3431 follow
361 3395 405 3430 are
416 3382 494 3430 taken
505 3384 569 3432 from
579 3385 622 3433 the
632 3386 720 3434 Canon
754 3386 802 3434 See
821 3387 926 3435 Palmer
942 3403 974 3435 on
992 3388 1035 3436 the
1054 3388 1172 3451 Liturgy,
1190 3391 1218 3440 ii.

260 3452 289 3501 ol
306 3451 348 3499 the
365 3452 447 3513 Mass,
467 3455 517 3503 and
534 3469 551 3502 a
569 3455 720 3504 translation
755 3459 811 3505 llo.

260 3522 288 3572 ol
301 3521 369 3570 them
386 3523 409 3570 is
424 3525 561 3583 preserved
578 3526 603 3573 in
620 3526 663 3575 the
679 3527 720 3574 In-
