2850 4890
255 337 320 406 266
630 354 843 403 rrrnnnrx.

260 501 392 572 Domini,
411 501 497 568 ‘Qui
515 501 621 581 recipit
639 523 705 573 vos,
723 521 770 562 me
784 501 903 581 recipit;
925 508 955 561 et
971 501 1023 581 qui
1040 501 1150 582 recipit
1162 520 1218 571 me,

255 589 360 668 recipit
380 606 459 657 eum,
487 589 538 668 qui
565 607 612 648 me
639 588 739 648 misit!
782 587 823 647 Et
844 588 966 656 iterum
1000 587 1091 654 ‘Qui
1114 587 1218 666 recipit

256 674 428 753 prophetam
442 673 471 732 in
489 675 603 734 nomine
620 675 780 754 prophetae,
794 671 959 732 mercedem
973 673 1218 754 propbetaeacci·

256 759 333 838 piet:
357 767 388 818 et
410 760 461 839 qui
485 760 590 838 recipit
610 761 727 838 justum
753 759 783 818 in
807 759 923 819 nomine
938 758 1027 837 justi,
1052 757 1217 819 mercedem

250 845 328 922 justi
351 845 499 925 accipiet!
543 845 585 905 Et
605 847 643 905 ab
662 846 720 905 bno
735 848 801 925 jam
819 844 867 904 dis
883 843 1052 924 frequenter
1073 844 1217 906 esuriente
1241 863 1254 905 r

257 950 305 999 eo,
320 928 467 990 Dominus
480 931 591 992 cibavit
607 951 685 1002 eum,
701 941 734 991 ut
751 930 903 1010 protessus
923 938 971 990 est
986 928 1216 1010 fidelibusFra·

257 1017 362 1087 tribus,
377 1036 434 1075 non
455 1025 574 1097 propter
582 1017 769 1096 jactantiam,
788 1016 842 1077 sed
857 1024 976 1096 propter
989 1013 1217 1076 aedificationem

259 1101 427 1171 multorum,
442 1111 474 1162 ut
487 1102 604 1163 Paulus
618 1102 657 1162 da
671 1104 830 1182 semetipso
845 1101 938 1161 multa
950 1103 1070 1162 locutus
1084 1110 1157 1162 est.

85 1206 243 1257 arrexproan
301 1192 379 1262 §lta
401 1187 443 1247 Et
466 1188 525 1247 hoo
548 1187 709 1251 dicendum
731 1197 814 1268 puto,
839 1186 921 1267 quod
944 1188 1039 1249 relatu
1061 1187 1218 1269 mnltornm

85 1258 230 1309 coldingham.

258 1273 401 1333 bonorum
422 1275 540 1352 agnovi,
562 1274 730 1354 exquibus
753 1281 799 1335 est
822 1271 948 1333 Plecnlf
963 1274 1130 1354 presbyter.
1172 1273 1254 1336 Euro

259 1369 402 1438 tempore,
424 1380 484 1439 quo
501 1358 556 1420 fuit
571 1361 727 1420 nobiscnm
748 1361 779 1419 in
801 1361 989 1430 monasterio,
1011 1359 1095 1439 quod
1112 1357 1218 1419 dicitur

259 1445 398 1516 Mailros,
419 1446 586 1506 ,accersitus
606 1453 654 1506 est
677 1465 696 1504 a
718 1444 933 1506 sanctimoniali
955 1443 1055 1505 vidus.
1067 1452 1217 1525 matreque

259 1532 388 1590 omnium
402 1531 431 1590 in
446 1530 565 1592 Christo
579 1531 683 1592 Abba.
727 1531 859 1592 Veniens
873 1550 955 1608 ergo,
968 1539 1002 1590 ut
1015 1530 1160 1592 invitatus
1173 1539 1218 1591 cst

260 1616 299 1675 ad
316 1618 494 1688 coenobium,
509 1617 590 1696 quod
605 1616 714 1678 dicitur
728 1615 958 1696 Colodesbyrig,
975 1635 1158 1696 manensque
1178 1617 1217 1676 ibi

259 1702 373 1780 aliquot
395 1701 471 1773 dies,
493 1723 550 1762 non
572 1703 708 1765 deferens
730 1701 890 1763 relaxando
911 1721 974 1762 sum
999 1702 1218 1763 constitutionis
1227 1718 1252 1764 lt

260 1789 454 1868 propositum,
476 1791 566 1869 coepit
585 1797 673 1849 nocte
696 1790 840 1849 maritima
860 1788 928 1848 loca
948 1788 1085 1858 circuire,
1104 1808 1219 1849 morem

260 1874 483 1933 consuetudinis
503 1875 644 1935 cantandi
664 1883 695 1935 et
714 1873 857 1954 vigilandi
874 1893 1004 1934 servans.
1046 1874 1121 1940 Quo
1139 1895 1218 1935 com·

260 1967 343 2037 parto
365 1979 384 2018 a
410 1959 541 2038 quodam
563 1961 672 2021 clerico
699 1960 829 2032 familiae,
854 1959 1015 2039 incipiebat
1037 1959 1159 2020 occulte
1181 1959 1219 2020 de

259 2044 420 2124 longinquo
434 2046 576 2127 subsequi
589 2066 657 2106 eum
677 2046 829 2116 tentando,
845 2045 922 2105 scire
936 2045 1053 2116 rolens,
1069 2046 1219 2124 quomodo

259 2129 349 2189 vitam
363 2137 534 2192 nocturnam
549 2132 733 2210 transigeret.
776 2132 833 2192 Ille
849 2151 920 2193 vero
937 2131 1027 2191 horno
1046 2130 1107 2191 Dei
1126 2131 1254 2193 (luth-nn

259 2215 359 2276 bertus
381 2216 412 2275 in
431 2218 582 2278 obstinata
604 2226 701 2278 mente
726 2217 964 2299 appropinquans
987 2217 1028 2277 ad
1054 2237 1137 2277 mare
1164 2217 1219 2296 [in-

260 2321 380 2379 gressus
405 2303 463 2380 est]
490 2323 585 2383 usque
607 2303 646 2363 ad
668 2303 800 2364 lumbare
825 2304 854 2362 in
878 2302 983 2362 mediis
1007 2301 1166 2372 fluctibus;
1190 2314 1219 2364 et

260 2389 333 2446 mari
353 2387 515 2466 aliquando
536 2410 631 2468 usque
653 2389 691 2449 ad
708 2389 836 2448 ascellas
853 2389 1050 2448 tumultuante
1065 2397 1097 2450 et
1114 2387 1218 2449 fluctu·

261 2481 328 2532 ante
345 2474 455 2535 tinctus
473 2484 529 2536 ast.
572 2475 653 2534 Dum
675 2485 773 2535 autem
795 2475 838 2553 [e]
860 2493 940 2534 mere
961 2472 1177 2535 ascendens-et
1190 2476 1218 2535 in

261 2559 393 2619 arenosis
417 2560 522 2620 littoris
547 2559 671 2621 flectens
695 2580 791 2638 genua
814 2561 929 2630 orabat,
952 2569 1098 2621 venerunt
1121 2560 1254 2623 statimne

260 2652 329 2724 post
342 2645 468 2724 vestigia
481 2649 546 2725 ejus
561 2645 621 2707 dno
635 2646 743 2726 pusilla
756 2646 894 2705 animalia
906 2646 1061 2717 maritima,
1075 2646 1221 2707 humiliter

260 2730 342 2810 proni
364 2731 392 2790 in
421 2739 538 2802 terram,
562 2732 725 2792 lambentes
750 2731 854 2812 pedes,
879 2731 1046 2792 volutantes
1065 2733 1220 2810 tergebant

259 2816 387 2895 pellibus
409 2818 483 2888 suis,
505 2828 535 2877 et
552 2817 761 2877 calefacientes
782 2817 922 2877 odoribus
944 2818 1015 2877 suis.
1058 2817 1147 2878 Post.
1158 2839 1218 2878 ser·

259 2902 361 2961 vitium
387 2912 485 2963 autern
513 2911 544 2962 et
565 2905 755 2964 ministerium
782 2903 944 2983 impletum,
969 2913 1096 2983 accepta
1119 2904 1158 2962 ab
1183 2925 1218 2964 eo

260 2986 475 3059 benedictione,
491 2989 530 3048 ad
540 2997 686 3068 *cognatas
700 2989 795 3049 undns
809 2990 897 3048 maris
910 2998 1105 3050 recesserunt.
1228 3004 1253 3049 aa

303 3080 316 3147 ξ
330 3081 378 3134 14.
401 3074 459 3133 Ille
474 3083 573 3135 autem
587 3076 675 3136 homo
690 3075 750 3135 Dei
768 3076 797 3134 in
813 3075 882 3153 galli
902 3082 990 3133 cantu
1007 3084 1160 3135 revertens
1180 3075 1218 3135 sd

261 3161 423 3220 orationem
437 3180 621 3220 communem
637 3161 868 3232 cumfratribus,
885 3160 989 3238 [venit]
1006 3159 1045 3219 ad
1060 3160 1218 3220 ecclesiam
1319 3154 1321 3158 ⁸

262 3243 330 3304 Dei.
375 3244 510 3306 Clericus
538 3268 609 3307 vero
632 3246 751 3307 familiae
779 3247 966 3326 supradictus
991 3247 1022 3305 in
1048 3246 1217 3326 scopulosis

260 3329 334 3387 locis
363 3327 469 3400 latens,
495 3332 559 3391 visu
588 3332 714 3412 pavidus
743 3341 773 3391 et
799 3331 1020 3401 tremebundus,
1041 3339 1107 3391 tota
1130 3339 1216 3392 nocte

261 3424 474 3491 coangustatus
491 3439 583 3498 prope
602 3427 724 3478 mortem
744 3426 923 3478 accesserat.
965 3416 1106 3477 Crastina
1123 3428 1253 3503 autemst

303 3661 563 3735 ⁹Etlrocdicendam.]
583 3668 719 3719 Vit.Pros.
755 3668 848 3730 byrig!
884 3670 1090 3731 Coldinghamis
1106 3673 1217 3722 situated

260 3736 324 3795 Cap.
337 3749 374 3795 x;
394 3737 447 3785 Vit.
460 3738 525 3786 Met.
536 3739 601 3799 Cap.
616 3753 674 3786 vrri.
713 3803 715 3808 .
755 3740 781 3787 in
794 3740 995 3802 Berwickshire,
1008 3742 1137 3792 abouttcn
1146 3745 1218 3793 miles

297 3802 315 3832 ¹³
330 3806 420 3869 Abra]
478 3809 609 3869 Probably
629 3809 722 3858 AEbba.
755 3810 819 3858 from
828 3811 871 3858 the
879 3811 984 3860 borders
992 3811 1021 3859 of
1025 3813 1156 3874 England.
1171 3816 1218 3864 See

259 3875 322 3926 This
333 3878 425 3926 abbess
435 3878 465 3926 of
474 3879 644 3941 Coldingbarn
656 3894 721 3940 gave
757 3881 792 3928 H.
801 3883 831 3930 Ε.
842 3882 876 3933 iv.
889 3886 930 3946 19,
940 3883 1027 3932 where
1041 3884 1116 3934 Ebba
1129 3886 1151 3934 is
1164 3887 1218 3934 also

261 3947 303 3994 the
316 3962 389 3996 name
402 3953 428 3996 to
439 3949 480 3997 the
489 3955 593 4010 present
604 3964 721 4010 promon-
755 3952 909 4001 mentioned.

260 4022 317 4076 tory
329 4019 414 4066 called
427 4020 464 4068 St.
477 4018 558 4069 Abb's
571 4020 657 4069 Head.
790 4019 810 4049 ²⁸
829 4023 1018 4085 Coleforienter]
1035 4025 1216 4076 Calefacienti-

297 4085 314 4114 ¹⁴
333 4085 523 4158 Colodesdyrig.]
546 4088 720 4140 lntheA.SS.
755 4093 812 4154 bus,
825 4095 884 4143 MS.

260 4160 425 4220 rrroncously
450 4162 552 4221 printed
574 4161 720 4210 ‘Coloder-
