2850 4890
448 354 629 405 aucrorrn
647 355 734 405 vnn.
754 355 865 406 anna.
1068 342 1132 408 121

177 506 316 588 dentiae,
335 516 369 575 et
388 512 569 594 gravitatis
592 511 715 595 dignus
738 515 928 594 exstiterat,
947 516 1007 599 qui
1030 517 1130 581 testis
1148 527 1181 580 Α.
1191 529 1223 577 1).
1233 532 1293 580 aar.

176 618 268 674 esset
293 614 479 694 verborum,
501 634 580 699 quae
602 616 654 680 vir
677 616 744 680 Dei
766 617 888 681 ultima
912 616 1050 695 diceret,
1073 617 1129 682 vel
1150 603 1153 608 ¹

175 730 244 793 quo
258 712 375 777 ordine
390 715 549 796 migraret
562 714 605 779 ad
621 716 815 780 Dominum.

218 813 235 896 §
249 813 302 880 63.
326 821 336 850 ‘
352 815 490 880 Interea
503 816 639 880 rediens
654 816 791 880 domurn
805 818 986 881 narrabam
1000 816 1129 882 Fratri-

142 914 250 991 sbus,
264 915 348 998 quia
361 918 565 982 venerabilis
581 916 686 982 Pater
702 919 739 982 in
760 938 825 983 sua
843 936 881 982 se
900 918 1016 982 insula
1031 938 1128 1002 sepe-

172 1015 226 1078 liri
235 1016 381 1099 juberet.
424 1017 470 1082 Et
483 1018 628 1097 videtur,
642 1018 795 1102 inquam,
809 1019 892 1083 mihi
904 1019 1036 1103 justius
1050 1039 1127 1084 esse

170 1118 279 1181 multo
302 1124 337 1182 et
360 1119 495 1202 dignius
520 1119 704 1203 impetrare
724 1121 768 1184 ab
791 1138 844 1198 eo,
867 1129 1039 1204 quatenus
1060 1119 1126 1185 huc

172 1217 347 1284 transferri
376 1239 500 1303 corpus
530 1240 642 1299 suum,
669 1228 705 1284 et
729 1221 834 1305 juxta
858 1221 1020 1285 honorem
1046 1241 1126 1286 con-

170 1340 291 1402 gruum
316 1323 352 1385 in
375 1322 522 1386 ecclesia
549 1322 662 1400 condi,
687 1323 872 1405 permittat.
918 1322 1127 1388 Placuerunt

127 1422 239 1487 roillis
269 1442 346 1505 quae
377 1423 542 1502 dixeram,
572 1431 608 1488 et
637 1425 814 1490 venientes
849 1424 892 1488 ad
926 1425 1125 1507 episcopum
1221 1483 1229 1501 ,

168 1526 383 1605 rogabamus,
411 1524 575 1603 dicentes,
605 1524 687 1588 Non
722 1525 799 1588 ausi
834 1544 963 1602 sumus,
990 1525 1125 1589 domine

169 1626 342 1708 episcope,
362 1633 576 1691 contemnere
591 1626 784 1711 jussionem
803 1633 909 1705 tuam,
926 1645 995 1709 qua
1016 1634 1050 1690 te
1069 1626 1124 1690 hic

167 1727 328 1790 tumulari
347 1727 531 1806 mandasti,
550 1735 586 1792 et
604 1733 720 1793 tamen
738 1727 926 1809 rogandum
946 1727 1126 1791 videbatur

167 1828 278 1906 nohis,
292 1835 331 1891 ut
345 1835 380 1892 te
396 1828 440 1892 ad
461 1847 524 1892 nos
544 1828 726 1893 transferre
746 1836 782 1893 et
800 1829 977 1893 nobiscum
997 1848 1124 1894 merea-

123 1949 155 1993 15
166 1949 241 1993 mur
261 1929 395 1994 habere.
438 1931 489 1994 At
508 1931 577 2009 ille,
598 1930 645 1994 Et
667 1950 764 2007 meae,
785 1931 908 2013 inquit,
934 1930 1122 1995 voluntatis

166 2039 239 2095 erat
255 2032 310 2094 hic
325 2033 536 2115 requiescere
552 2051 703 2115 corpore,
714 2033 772 2095 ubi
784 2031 1122 2115 quantulumcunque

165 2152 228 2216 pro
255 2132 403 2197 Domino
428 2142 600 2199 certamen
626 2135 765 2211 certavi,
792 2134 850 2197 ubi
878 2153 1015 2198 cursum
1040 2152 1122 2196 oon-

165 2253 335 2299 summare
350 2234 518 2314 desidero,
532 2235 623 2299 unde
639 2235 684 2299 ad
700 2254 861 2300 coronam
875 2235 1022 2318 justitiae
1040 2237 1121 2299 suh-.

163 2336 350 2400 levandum
373 2355 428 2399 me
452 2356 474 2400 a
495 2337 555 2419 pio
575 2336 699 2401 Judiee
720 2356 830 2419 spero.
875 2335 942 2399 Sed
965 2343 1001 2400 et
1021 2337 1120 2400 vobis

119 2456 302 2520 aequoque
328 2438 538 2502 commodius
561 2457 638 2502 esse
665 2438 821 2515 arbitror,
839 2445 879 2502 ut
897 2437 952 2501 hic
970 2438 1120 2520 requies·

164 2558 252 2615 cam,
273 2547 414 2622 propter
437 2540 666 2603 incursionem
686 2538 903 2622 profugorum
924 2539 979 2602 vel
1001 2539 1121 2603 noxio.

162 2660 238 2703 rum
253 2641 502 2724 quorumlibet3
523 2642 583 2725 qui
603 2661 680 2707 cum
701 2642 744 2705 ad
765 2660 889 2724 corpus
903 2659 1015 2704 meum
1032 2640 1119 2704 sorte

163 2741 387 2825 confugerint,
408 2743 491 2827 quia
508 2744 758 2826 qualiscunque
780 2762 867 2820 sum,
891 2743 985 2805 sama
1004 2748 1120 2806 tamen

163 2845 251 2909 exiit
278 2845 321 2908 de
350 2865 404 2909 me
434 2845 516 2929 quia
544 2844 693 2909 famulus
720 2838 848 2910 Christi
874 2843 949 2920 sim,
978 2861 1119 2907 necesse

119 2964 151 3009 25
162 2945 298 3011 habetis
324 2947 452 3029 saepius
477 2965 538 3029 pro
565 2945 694 3010 talibus
719 2944 811 3028 apud
835 2951 993 3028 potentes
1012 2944 1119 3008 seculi

161 3047 379 3125 intercedere,
395 3055 499 3131 atquo
518 3048 595 3111 ideo
615 3048 658 3112 de
678 3048 865 3131 praesentia
879 3047 1030 3128 corporis
1051 3045 1119 3109 mei

162 3150 307 3214 multum
325 3151 469 3214 tolerare
490 3151 652 3214 laborem.
696 3149 747 3213 At
769 3148 869 3213 nobis
897 3148 1039 3211 multum
1060 3146 1119 3211 diu

161 3252 393 3333 precantibus,
412 3252 632 3334 laboremque
650 3250 846 3334 hujusmodi
866 3257 998 3331 gratum
1018 3249 1119 3313 nobis

162 3372 203 3417 ac
218 3353 329 3418 levem
343 3351 413 3417 fore
429 3352 719 3428 asseverantibus
731 3351 869 3416 tandem
884 3371 960 3414 curn
975 3350 1118 3414 consilio

119 3472 150 3517 ao
160 3454 297 3518 locutus
313 3453 366 3518 vir
380 3454 531 3529 Domini,
543 3453 581 3518 Si
593 3472 714 3530 meam,
725 3453 848 3535 inquit,
859 3452 1118 3535 dispositionem

160 3574 333 3640 superare,
361 3563 396 3619 et
425 3575 538 3619 meum
566 3574 691 3637 corpus
720 3555 779 3618 illo
812 3555 972 3619 reducere
1001 3555 1118 3633 vultis,

200 3863 465 3935 ⁹1necdeaiecorrdij
497 3868 619 3916 Frantze-
655 3866 706 3915 and
730 3866 827 3928 history
848 3865 878 3915 oi
894 3867 1059 3915 Sanctuaries
1078 3865 1117 3914 for

158 3939 216 3987 nius
230 3940 263 3987 de
279 3939 425 3987 Funeribus
439 3939 510 3989 Vett.
523 3938 620 3987 Christ.
655 3937 785 3985 criminals
805 3938 827 3986 is
847 3937 982 3985 discussed
1002 3941 1030 3985 at
1047 3949 1117 3985 aomo

158 4023 196 4057 rv.
207 4010 235 4060 ii.
249 4007 263 4073 ξ
276 4013 300 4056 2.
657 4007 745 4069 length
756 4007 790 4069 by
804 4007 944 4069 Bingham,
956 4007 1011 4055 viii.
1024 4009 1065 4055 ll.

192 4077 210 4106 ²¹
229 4072 412 4146 Prrffugomm]
459 4079 513 4127 The
534 4079 619 4140 origin
