2850 4890
422 346 603 395 aucronn
620 348 709 398 vum
726 350 838 400 annu.
1043 336 1107 400 119

151 521 215 585 pro
230 521 290 584 e03
311 504 395 587 quia
404 507 551 586 videtur,
561 509 730 592 inquiens,
743 510 826 576 mihi
841 532 886 576 ex
900 510 1106 596 quibusdam
1125 519 1159 570 Α.
1169 519 1202 568 1).
1215 521 1272 569 osv.

152 605 265 668 verbis
284 605 377 671 illius
400 606 675 693 adpropinquare
693 613 783 678 diem
804 633 873 696 quo
890 614 937 678 sit
954 613 1108 677 exiturus

153 705 198 769 ad
213 707 337 771 Deum.
460 751 461 754 =

197 806 282 890 §6L
305 809 430 876 ‘Eram
449 820 564 878 autem
586 815 756 880 sollicitus
779 818 822 882 de
841 816 954 882 reditu
971 821 1109 899 propter

122 928 139 972 ⁵
152 907 384 977 infirmitatem
399 912 485 997 ejus,
500 915 561 979 sed
576 916 727 1000 quinque
740 918 861 983 diebus
876 917 1011 982 obstitit
1024 922 1109 981 tem-

153 1019 284 1094 pestas,
309 1033 353 1078 ne
376 1014 486 1079 redire
509 1035 709 1099 possemus3
731 1019 824 1102 quod
847 1017 1013 1083 divinitus
1039 1017 1109 1081 dis-

153 1120 336 1194 pensatum
358 1114 466 1180 fuisse
490 1117 540 1180 rei
563 1119 722 1201 probavit
745 1126 901 1185 eventus.
947 1115 998 1182 Ut
1020 1117 1110 1181 enim
1141 1117 1144 1122 ’

155 1212 383 1298 Omnipotens
409 1217 505 1283 Deus
530 1218 696 1283 famulum
721 1238 821 1284 suum
845 1221 890 1284 ab
917 1219 1010 1283 omni
1031 1218 1110 1283 labe

153 1317 339 1381 mundanae
358 1317 556 1402 fragilitatis
576 1320 620 1384 ad
644 1340 766 1405 purum
789 1321 985 1402 castigaret,
1004 1328 1111 1402 utque

109 1435 144 1480 ro
156 1415 361 1482 adversariis
374 1419 460 1504 ejnS,
475 1440 579 1504 quam
602 1421 686 1486 nibil
704 1429 825 1487 contra
844 1422 925 1486 fidei
940 1420 1111 1486 fortitudi-

154 1537 234 1582 nem
255 1519 418 1598 valerent,
444 1523 653 1601 ostenderet,
675 1523 785 1588 voluit
807 1542 885 1586 eum
908 1529 1005 1587 tanto
1026 1529 1111 1585 tem·

155 1639 240 1703 pore
269 1629 483 1704 segregatum
516 1625 560 1689 ab
594 1624 800 1704 hominibus,
829 1632 865 1689 et
894 1643 968 1688 suae
997 1622 1111 1688 carnis

156 1721 274 1787 dolore
294 1730 330 1787 et
350 1725 483 1808 antiqui
501 1725 611 1791 hostis
628 1727 750 1791 acriori
763 1724 948 1790 certamine
962 1724 1110 1808 probari.

156 1821 207 1887 Ut
221 1835 348 1901 autem,
362 1825 497 1891 reddita
510 1828 770 1910 tranquillitate,
784 1828 933 1892 insulam
951 1825 1112 1909 repetivi-

112 1941 245 2002 1omns,
277 1925 469 1991 invenimus
504 1948 582 1992 eum
611 1946 674 1992 suo
701 1928 911 1994 monasterio
938 1946 1112 2011 egressum

157 2026 277 2091 sedere
300 2027 337 2090 in
362 2028 476 2106 domu,
501 2029 537 2093 in
563 2049 633 2114 qua
658 2049 722 2095 nos
744 2049 882 2096 manere
907 2030 1112 2094 solebamus·

157 2127 205 2192 Et
218 2127 303 2211 quia
316 2131 507 2195 necessitas
522 2132 682 2214 quaedam
701 2134 869 2216 poscebat
890 2132 1040 2208 Fratres,
1054 2129 1114 2213 qui

157 2249 293 2294 mecum
313 2239 487 2310 venerant,
507 2233 704 2315 renavigare
723 2233 768 2298 ad
790 2233 986 2316 proximum
1004 2232 1114 2308 littus,

157 2333 235 2416 ipse
257 2351 436 2397 remanens
457 2335 492 2398 in
513 2333 629 2398 insula
648 2333 828 2398 confestim
849 2335 938 2418 patri
959 2334 1114 2398 ministe-

115 2453 147 2500 ao
158 2435 247 2499 rium
257 2436 407 2517 praebere
418 2437 546 2501 curavi.
582 2436 757 2520 Siquidem
770 2435 976 2501 calefaciens
988 2454 1115 2519 aquam

158 2536 342 2601 abluebam
363 2536 486 2620 pedem
510 2536 595 2620 ejus,
619 2538 678 2621 qui
702 2536 812 2618 gratia
831 2537 954 2601 diutini
973 2537 1115 2601 tumoris

153 2638 229 2721 jam
243 2644 326 2702 tunc
344 2639 442 2703 ulcus
460 2638 621 2716 habebat,
636 2658 688 2715 ac,
704 2638 894 2721 profluente
911 2637 1020 2714 sanie,
1032 2655 1116 2700 cura

155 2738 353 2821 indigebat3
375 2739 436 2803 sed
451 2747 487 2804 et
500 2741 618 2805 vinum
629 2738 833 2804 calefaciens
849 2739 960 2816 attuli,
971 2758 1116 2820 eumque

160 2846 299 2922 gustare
327 2841 464 2921 rogavi3
491 2840 651 2906 videbam
678 2859 826 2923 namque
854 2838 1005 2903 insacia
1031 2840 1118 2923 ejus,

116 2960 147 3005 25
160 2941 245 3024 quia
252 2941 395 3005 multum
407 2942 522 3007 inedia
533 2943 635 3007 simul
647 2949 682 3007 et
692 2943 854 3024 languore
867 2949 942 3006 erat
951 2941 1117 3006 defessus.

161 3041 342 3125 Completa
351 3045 527 3108 curatione
537 3045 666 3110 resedit
677 3046 814 3129 quietus
825 3045 860 3108 in
873 3051 996 3120 stratu,
1006 3044 1117 3109 resedi

161 3150 197 3208 et
211 3163 275 3226 ego
285 3143 391 3228 juxta
405 3164 492 3208 eum.

204 3245 301 3328 §62
338 3246 525 3330 ‘Cumque
560 3247 688 3324 sileret,
716 3247 800 3326 dixi,
827 3246 952 3324 Video,
981 3246 1117 3310 domine

161 3347 336 3430 episcope,
358 3347 442 3430 quia
460 3349 606 3413 multum
626 3357 775 3414 vexatus
795 3370 833 3414 es
853 3351 897 3414 ab
920 3348 1118 3414 infirmitate

119 3467 150 3512 ao
164 3456 350 3533 postquam
364 3450 568 3514 recessimus
585 3469 607 3514 a
623 3459 676 3532 te;
698 3458 734 3515 et
752 3452 875 3515 mirum
895 3469 1001 3533 quare
1020 3451 1119 3514 nolu-

163 3551 241 3629 eris,
255 3558 296 3615 ut
310 3551 445 3635 aliquos
463 3559 628 3630 nostrum,
643 3554 703 3636 qui
722 3553 785 3617 tibi
804 3553 1046 3629 ministrarent,
1063 3552 1119 3616 bic

163 3653 411 3717 dimitteremus
433 3655 608 3718 abeuntes.
649 3653 700 3719 At
717 3655 786 3732 ille,
803 3654 881 3732 Dei,
900 3654 1023 3743 inquit,
1043 3671 1119 3735 pro·

161 3752 316 3818 videntia
333 3761 369 3818 et
384 3755 562 3819 voluntate
583 3761 716 3837 gestum
736 3762 801 3835 est,
820 3763 861 3820 ut
879 3755 1065 3839 praesentia
1084 3761 1120 3818 et

168 4073 188 4105 ²²
208 4072 303 4144 Uicta]
321 4076 532 4139 SeeCup.xv111.
540 4075 627 4124 where
640 4074 684 4125 the
696 4089 772 4125 cause
784 4075 813 4125 ol
822 4075 874 4125 this
882 4089 939 4126 sore
948 4076 971 4126 is
980 4075 1120 4127 indicated.
