2850 4890
620 354 833 403 APPENDIX.

247 683 477 747 Gaaaonrus¹
498 681 670 747 Desiderio
689 682 866 762 Viennensi,
877 694 908 746 et
924 681 1063 768 Syaprio
1079 682 1205 768 Aupns·

392 769 564 848 lodunensi,
580 771 732 856 episcopis
751 769 870 834 Gallice
884 791 905 832 a
913 769 1059 855 paribus.
1272 768 1275 772 ’

250 942 303 1001 Dn
330 942 519 1001 fraternitatis
547 951 654 1003 vestrae
684 943 799 1002 sincera
823 946 945 1002 caritate
977 944 1053 1002 bene
1081 941 1204 1002 conlidi-

249 1049 325 1098 mus,
353 1028 433 1107 quod
466 1046 566 1088 amore
598 1030 679 1088 beati
706 1029 791 1087 Petri
824 1028 1028 1108 apostolorum
1062 1029 1203 1108 principis

218 1115 415 1176 abominibus
443 1116 549 1173 nostris
578 1125 677 1174 vestra
708 1112 816 1173 devote
849 1114 956 1174 solatia
988 1113 1202 1180 commodetis:

248 1200 410 1279 pracsertim
435 1198 505 1257 dum
527 1219 627 1260 causae
647 1200 775 1277 qualitas
796 1200 897 1277 exigat
918 1200 969 1258 ubi
989 1201 1077 1259 etiam
1098 1208 1204 1278 sponte

250 1305 425 1343 concurrere
443 1293 474 1342 et
493 1285 625 1345 laborare
640 1286 733 1362 magis
748 1286 866 1365 optetis.
912 1284 1084 1344 Indicamus
1104 1286 1204 1363 itaqua

251 1370 401 1429 sanctitati
421 1377 537 1440 vestrae,
560 1391 614 1430 nos
635 1370 836 1448 Augustinum
858 1391 975 1429 servum
998 1369 1057 1429 Dei
1077 1389 1205 1449 preasen-

251 1457 324 1514 tium
344 1456 525 1535 portitorem,
548 1458 634 1535 cujus
659 1457 741 1515 zelus
757 1464 788 1514 et
810 1455 939 1516 studium
958 1458 1033 1515 bene
1053 1457 1138 1514 nobis
1159 1464 1206 1514 est

208 1561 241 1606 lo
252 1542 414 1620 cognitum,
428 1561 496 1600 oum
511 1541 576 1600 aliis
591 1542 683 1600 servis
699 1541 758 1600 Dei
772 1562 824 1621 pro
845 1543 1004 1600 animarum
1016 1541 1086 1600 illue
1101 1560 1205 1610 causa,

252 1627 426 1707 disponente
446 1625 587 1695 Domino,
607 1627 771 1694 direxisse;
794 1629 879 1705 cujus
898 1627 1040 1686 relatione
1060 1626 1131 1705 quid
1152 1627 1208 1685 sibi

250 1714 413 1790 injunctum
439 1713 488 1782 sit,
510 1713 652 1771 subtiliter
671 1732 849 1790 agnoscens,
871 1711 1036 1772 fraternitas
1056 1723 1157 1772 vestra
1179 1712 1211 1771 ei·

251 1797 348 1857 modis
372 1799 518 1866 omnibus,
543 1799 571 1857 in
596 1798 704 1877 quibus
733 1817 826 1858 causa
852 1799 1032 1878 poposcerit,
1056 1796 1208 1877 impendat

252 1884 377 1950 solatia;
401 1884 515 1942 utboni
529 1886 626 1965 operis
640 1884 800 1963 adjutores,
816 1885 893 1942 sicut
906 1883 995 1942 decet
1008 1893 1039 1943 et
1057 1883 1206 1952 convenit,

206 1989 239 2033 15
251 1971 373 2050 possitis
392 1969 543 2029 exsistere.
589 1969 638 2028 Ita
657 1991 727 2048 ergo
746 1969 911 2029 fraternitas
930 1977 1030 2029 vestra
1049 1969 1077 2027 in
1098 1969 1155 2028 bac
1175 1989 1207 2027 ra

252 2077 286 2116 se
299 2054 438 2113 devotam
453 2055 572 2114 studeat
585 2055 795 2125 demonstrare,
810 2065 842 2114 ut
861 2055 949 2124 bona,
963 2076 1030 2134 quae
1051 2053 1089 2112 da
1109 2055 1204 2122 vobis,

253 2140 390 2220 opinione
411 2150 554 2211 narrante,
569 2140 737 2209 didicimus,
753 2161 823 2199 vera
838 2161 905 2200 esse
924 2161 1013 2219 opere
1032 2141 1205 2219 comprobe-

252 2248 328 2286 mus.
374 2224 606 2286 Dilectissimum
630 2245 701 2285 vero
722 2245 908 2285 communem
926 2224 1019 2284 filium
1039 2224 1206 2283 Candidum

252 2313 467 2391 presbyterum,
496 2313 545 2371 cui
570 2312 804 2391 patrimoniolum
832 2311 969 2370 ecclesiae
996 2319 1103 2370 nostrae
1125 2330 1206 2369 com-

207 2415 241 2462 20
254 2399 385 2457 misimus
406 2397 436 2455 in
460 2398 517 2456 illis
541 2398 674 2478 partibus
699 2399 900 2466 constitutum,
915 2397 1009 2463 ¹vobis
1034 2416 1087 2475 per
1110 2395 1208 2454 omnia

253 2481 503 2544 commendamus.
1215 2480 1218 2487 ’

293 2737 521 2802 ursaonae
535 2734 690 2799 Pretorio
704 2734 846 2821 episcopo
861 2703 900 2798 de
913 2733 1017 2820 Aquis
1036 2732 1166 2798 Gallice.

256 2913 430 2979 Qunnrus
442 2910 567 2969 iuvabis
579 2910 657 2968 beati
668 2909 752 2968 Petri
764 2908 963 2988 apostolorum
974 2907 1114 2988 principis
1128 2927 1210 2966 amor

255 2997 394 3067 excellat,
416 3016 473 3055 non
495 2995 592 3054 solum
612 2993 700 3054 officii
714 2997 805 3055 vestri
822 2995 1028 3074 praerogativa,
1049 2992 1104 3052 sed
1120 2991 1208 3051 etiam

211 3099 243 3144 25
255 3082 386 3151 devotio,
415 3101 505 3161 quam
539 3083 619 3140 circa
645 3082 786 3141 utilitates
813 3081 949 3140 ecclesiae
976 3080 1069 3159 ipsius
1098 3078 1209 3155 geritis,

256 3168 405 3248 patefecit.
448 3167 527 3233 Qua
545 3168 615 3245 quia
634 3167 805 3244 Augustino
828 3187 913 3225 servo
933 3165 1003 3236 Dei,
1023 3164 1209 3244 praesentium

256 3255 360 3323 latore,
374 3253 567 3330 cognovimus
583 3252 736 3322 referente,
748 3252 786 3310 de
798 3252 907 3311 affectu
918 3258 948 3309 et
957 3251 1089 3310 veritatis
1101 3249 1209 3319 studio,

257 3338 338 3419 quod
358 3339 386 3396 in
410 3338 494 3396 vobis
514 3348 570 3407 est,
591 3337 680 3397 valde
702 3337 875 3416 gaudemus,
899 3343 930 3395 et
952 3336 1061 3414 gratias
1083 3336 1210 3412 agimus,

257 3427 328 3504 quia
346 3424 402 3483 etsi
420 3443 542 3502 corpore
562 3424 712 3493 absentes,
726 3431 823 3481 mente
842 3431 940 3482 tamen
954 3431 984 3481 et
998 3421 1094 3480 animo
1112 3421 1211 3479 nobis-

214 3526 325 3570 ancum
350 3531 405 3569 vos
430 3528 497 3568 esse
519 3509 704 3576 monstratis:
734 3509 843 3588 quippe
865 3527 936 3586 erga
959 3526 1035 3586 quos
1060 3506 1212 3565 caritatem

301 3760 308 3791 ¹
329 3763 410 3825 Greg.
424 3764 491 3825 Epp.
505 3762 562 3813 Lib.
573 3777 610 3811 vr.
621 3777 662 3824 ep.
674 3762 719 3812 liv.
796 3759 806 3788 ²
823 3762 902 3823 Greg.
915 3762 983 3822 Epp.
997 3761 1055 3809 Lib.
1074 3773 1110 3808 vr.
1124 3774 1165 3822 ep.
1177 3760 1214 3809 lv.

260 3835 347 3883 Letter
358 3834 423 3882 from
436 3834 552 3894 Gregory
569 3839 595 3881 to
613 3833 721 3881 Decide·
754 3833 841 3880 Letter
860 3832 924 3879 from
939 3830 1058 3892 Gregory
1074 3835 1100 3878 to
1122 3830 1214 3878 Prota-

259 3906 323 3966 rius,
335 3904 427 3965 bisbop
440 3904 469 3954 of
478 3904 588 3964 Vienna,
597 3904 648 3952 and
659 3904 722 3964 Sya·
753 3901 918 3963 aius,bisbop
927 3901 956 3949 of
963 3899 1213 3961 Ain-en-Provence,

260 3977 342 4036 grius,
357 3975 449 4035 bishop
466 3973 495 4022 ol
508 3974 609 4030 Autan,
626 3987 721 4022 recom-
754 3972 961 4034 recommending
989 3970 1135 4032 Augustine
1163 3971 1213 4019 and

260 4047 381 4108 mending
395 4045 542 4106 Augustino
559 4045 610 4094 aod
627 4045 722 4094 Caudi·
756 4043 900 4092 Candidus.

260 4117 318 4165 dus.
