2850 4890
255 346 319 411 210
525 360 709 415 nrrs'roen
729 367 815 416 vnn.
832 367 942 417 nune

257 525 333 602 bns,
348 527 538 610 ceterisque
552 527 632 591 vitae
647 526 848 591 remissioris
864 526 1033 591 illecebris
1047 525 1212 612 subiganss

258 634 324 705 tur,
337 634 373 692 et
391 627 451 711 qui
471 628 580 711 magis
599 627 752 710 quotidie
765 635 916 693 ventrem
933 626 1094 712 dapibus,
1108 649 1210 713 quam

257 737 403 794 mentem
424 729 603 795 sacrificiis
620 730 819 795 coelestibus
832 737 988 813 pascant.
1034 729 1134 810 Quos
1150 740 1213 798 tua

258 839 380 898 sancta
395 832 613 912 auctoritate,
632 833 663 897 si
684 831 810 897 alicubi
825 832 1001 915 repereris,
1016 833 1121 898 velim
1136 854 1210 899 cor-

256 934 360 1015 rigas,
388 954 597 1019 moneasque
621 935 700 999 illos
729 935 817 1024 tales
843 954 916 999 suae
940 937 1213 1002 conversationis
1236 957 1250 999 s

255 1035 389 1101 diurnae
404 1037 478 1102 sive
491 1045 665 1103 nocturnae
680 1046 787 1104 testes
801 1039 936 1117 habere,
950 1038 1010 1122 qui
1024 1046 1060 1103 et
1075 1040 1211 1103 actione

257 1140 333 1205 Deo
347 1141 451 1224 digna
466 1148 501 1205 et
516 1141 752 1208 exhortatione
764 1162 914 1224 congrua
924 1142 1088 1226 prodesse
1102 1161 1212 1227 popu-

256 1244 310 1319 lis,
331 1263 372 1308 ac
392 1243 571 1326 spirituale
595 1245 746 1327 ipsorum
771 1244 963 1309 antistitum
981 1263 1070 1328 opus
1086 1244 1211 1330 juvare

257 1344 438 1410 sufficiant
473 1345 563 1428 Lege
574 1346 663 1410 enim
676 1345 785 1410 Actus
799 1345 1053 1430 Apostolorum,
1066 1353 1104 1411 et
1116 1347 1213 1412 vide-

256 1447 321 1524 bis,
345 1448 512 1513 reierente
530 1449 633 1513 beato
653 1447 759 1525 Luca,
782 1447 904 1530 quales
927 1466 1043 1511 secum
1064 1448 1211 1512 comites
1224 1467 1252 1512 m

257 1549 407 1631 apostoli
424 1550 555 1614 Paulus
571 1557 606 1614 et
620 1549 799 1614 Barnabas
810 1549 1000 1627 habuerint,
1010 1548 1095 1632 quid
1108 1549 1214 1615 etiam

256 1650 337 1733 ipsi,
347 1652 541 1734 ubicunque
552 1650 782 1727 devenissent,
793 1651 906 1734 operis
917 1650 1060 1733 egerint.
1084 1651 1212 1716 Statim

256 1772 404 1836 namque
424 1760 464 1817 ut
481 1753 643 1818 civitates
662 1753 717 1818 vel
738 1771 931 1836 synagogas
954 1753 1100 1835 ingressi
1120 1762 1214 1831 sunt,

255 1856 394 1919 verbum
420 1855 487 1919 Dei
508 1855 697 1939 praedicare
718 1861 755 1919 ct
773 1875 834 1938 per
853 1853 969 1919 omnia
987 1855 1213 1920 disseminare

255 1958 435 2021 curabant.
494 1956 597 2037 Quod
633 1958 736 2021 etiam
765 1964 809 2036 te,
837 1956 1098 2021 dilectissimum
1128 1957 1253 2022 mihin

256 2065 374 2142 eaput,
385 2059 554 2142 sagaciter
562 2061 709 2144 cupiam,
717 2059 910 2142 ubicunque
925 2065 1036 2141 potes,
1045 2059 1213 2143 implere3

256 2161 291 2224 in
311 2162 376 2225 hoc
396 2181 543 2245 namque
563 2161 709 2225 officium
730 2181 752 2225 a
771 2160 922 2224 Domino
938 2160 1081 2235 electus,
1096 2160 1133 2225 in
1146 2159 1212 2225 hoc

255 2269 477 2327 consecratus
513 2283 563 2341 es,
597 2270 636 2326 ut
662 2261 812 2327 Verbum
839 2261 1053 2344 evangelizes
1084 2262 1213 2327 virtute

256 2383 392 2446 magna,
405 2363 580 2447 praebente
594 2363 658 2427 tibi
674 2363 840 2427 auxilium
856 2363 933 2446 ipso
953 2383 1029 2445 rege
1046 2363 1213 2429 virtutum

256 2465 406 2530 Domino
425 2471 543 2529 nostro
562 2464 650 2530 Jesn
668 2464 816 2529 Christo.
862 2463 964 2542 Quod
983 2465 1034 2529 ita
1050 2465 1117 2530 rite
1136 2484 1254 2549 per-ao

255 2567 350 2631 ficies
365 2567 395 2630 si
409 2567 604 2650 ubicunque
618 2566 826 2648 perveneris,
841 2584 922 2628 mox
937 2565 1092 2630 collectis
1113 2567 1158 2631 ad
1178 2575 1213 2632 te

255 2667 408 2752 ejusdem
436 2667 504 2732 loci
533 2667 667 2745 incolis,
694 2668 834 2732 verbum
862 2666 932 2731 illis
960 2667 1213 2733 exhortationis

255 2768 463 2846 exhibueris,
487 2768 589 2832 simul
609 2776 646 2833 et
667 2769 861 2852 exemplum
881 2767 1018 2835 vivendi
1038 2789 1111 2834 una
1134 2789 1214 2834 cum

255 2870 426 2948 omnibus,
440 2870 500 2953 qui
515 2876 628 2934 tecum
649 2870 816 2947 venerint,
830 2869 932 2953 quasi
951 2869 1104 2937 coelestis
1124 2870 1213 2936 mili·

253 2973 311 3037 tiae
326 2973 448 3036 ductor
462 2971 662 3036 ostenderis.
1219 2989 1250 3036 ss

298 3075 361 3160 §b
386 3075 431 3140 Et
449 3073 532 3158 quia
553 3073 679 3139 latiora
698 3081 779 3137 sunt
802 3073 918 3156 spatia
942 3071 1107 3150 locorum,
1132 3092 1213 3157 quae

255 3176 298 3239 ad
320 3175 551 3259 gubernacula
570 3183 640 3239 tuae
660 3174 822 3239 dioecesis
842 3174 1027 3258 pertinent,
1046 3193 1152 3258 quam
1174 3185 1213 3241 ut

177 3264 199 3291 '¹'
256 3276 351 3340 solus
374 3295 435 3357 per
454 3276 570 3340 omnia
592 3276 793 3353 discurrere,
813 3284 849 3340 et
867 3276 904 3339 in
924 3276 1068 3359 singulis
1087 3277 1213 3343 viculis

100 3364 112 3392 ⁶
182 3365 202 3394 ⁰⁴
256 3385 360 3460 atque
386 3375 507 3458 agellis
527 3378 667 3441 verbum
690 3377 758 3442 Dei
781 3378 980 3462 praedicare,
1000 3378 1107 3443 etiam
1129 3380 1213 3444 anni

255 3479 362 3543 totius
397 3497 535 3542 emenso
563 3480 740 3556 curriculo,
755 3479 940 3562 ·sufficias;
977 3479 1254 3544 necessariumso

254 3581 340 3645 satis
369 3586 434 3657 est,
462 3586 502 3643 ut
529 3580 644 3664 plures
673 3581 736 3644 tibi
765 3581 855 3646 sacri
884 3581 998 3664 operis
1034 3581 1212 3665 adjutores

255 3682 441 3760 adsciscas,
461 3684 679 3766 presbyteros
700 3683 861 3748 videlicet
880 3684 1080 3761 ordinando,
1106 3691 1213 3768 atque

255 3784 466 3849 instituendo
482 3784 649 3862 doctores,
665 3785 723 3868 qui
739 3785 775 3848 in
790 3785 933 3868 singulis
949 3785 1072 3851 viculis
1085 3786 1212 3868 praedi-

465 4110 474 4138 ⁹
491 4112 565 4161 Acus
576 4107 673 4181 Apes]
704 4114 760 4162 xiii.
773 4118 818 4174 rr;
838 4115 888 4164 xiv.
904 4119 928 4176 1,
939 4120 989 4164 etc.
