<?xml version="1.0" encoding="UTF-8"?>
<!DOCTYPE html PUBLIC "-//W3C//DTD XHTML 1.0 Transitional//EN"
    "http://www.w3.org/TR/xhtml1/DTD/xhtml1-transitional.dtd">
<html xmlns="http://www.w3.org/1999/xhtml" xml:lang="en" lang="en">
 <head>
  <title>
</title>
<meta http-equiv="Content-Type" content="text/html;charset=utf-8" />
  <meta name='ocr-system' content='tesseract 3.04.00' />
  <meta name='ocr-capabilities' content='ocr_page ocr_carea ocr_par ocr_line ocrx_word'/>
</head>
<body>
  <div class='ocr_page' id='page_1' title='image "./venerabilisbeda00bedegoog_0341.png"; bbox 0 0 2850 4890; ppageno 0'>
   <div class='ocr_carea' id='block_1_1' title="bbox 254 363 841 430">
    <p class='ocr_par' dir='ltr' id='par_1_1' title="bbox 254 363 841 430">
     <span class='ocr_line' id='line_1_1' title="bbox 254 363 841 430; baseline -0.009 0"><span class='ocrx_word' id='word_1_1' title='bbox 254 363 322 430; x_wconf 66' lang='lat'><strong>3⁰22</strong></span> <span class='ocrx_word' id='word_1_2' title='bbox 628 378 841 428; x_wconf 79' lang='lat' dir='ltr'><strong>arrnnnrx.</strong></span> 
     </span>
    </p>
   </div>
   <div class='ocr_carea' id='block_1_2' title="bbox 84 523 1264 3767">
    <p class='ocr_par' dir='ltr' id='par_1_2' title="bbox 258 523 1217 842">
     <span class='ocr_line' id='line_1_2' title="bbox 259 523 1216 595; baseline 0.002 -11"><span class='ocrx_word' id='word_1_3' title='bbox 259 525 405 585; x_wconf 80' lang='lat' dir='ltr'><strong>memoria</strong></span> <span class='ocrx_word' id='word_1_4' title='bbox 432 523 597 585; x_wconf 84' lang='lat' dir='ltr'><strong>Johannem</strong></span> <span class='ocrx_word' id='word_1_5' title='bbox 632 525 863 585; x_wconf 71' lang='lat' dir='ltr'><strong>archicantorem</strong></span> <span class='ocrx_word' id='word_1_6' title='bbox 890 523 1039 584; x_wconf 85' lang='lat' dir='ltr'><strong>Romanae</strong></span> <span class='ocrx_word' id='word_1_7' title='bbox 1069 526 1216 595; x_wconf 83' lang='lat' dir='ltr'><strong>ecclesiae,</strong></span> 
     </span>
     <span class='ocr_line' id='line_1_3' title="bbox 259 610 1217 686; baseline 0 -16"><span class='ocrx_word' id='word_1_8' title='bbox 259 611 396 671; x_wconf 77' lang='lat' dir='ltr'><strong>abbatem</strong></span> <span class='ocrx_word' id='word_1_9' title='bbox 428 611 597 670; x_wconf 89' lang='lat' dir='ltr'><strong>monasterii</strong></span> <span class='ocrx_word' id='word_1_10' title='bbox 623 611 703 672; x_wconf 89' lang='lat' dir='ltr'><strong>beati</strong></span> <span class='ocrx_word' id='word_1_11' title='bbox 731 610 862 686; x_wconf 88' lang='lat' dir='ltr'><strong>Martini,</strong></span> <span class='ocrx_word' id='word_1_12' title='bbox 890 630 991 671; x_wconf 91' lang='lat' dir='ltr'><strong>secum</strong></span> <span class='ocrx_word' id='word_1_13' title='bbox 1022 610 1217 672; x_wconf 80' lang='lat' dir='ltr'><strong>Brittanniam</strong></span> 
     </span>
     <span class='ocr_line' id='line_1_4' title="bbox 259 695 1215 777; baseline 0.002 -23"><span class='ocrx_word' id='word_1_14' title='bbox 259 696 383 766; x_wconf 89' lang='lat' dir='ltr'><strong>ducunt,</strong></span> <span class='ocrx_word' id='word_1_15' title='bbox 398 696 449 775; x_wconf 91' lang='lat' dir='ltr'><strong>qui</strong></span> <span class='ocrx_word' id='word_1_16' title='bbox 464 716 518 756; x_wconf 88' lang='lat' dir='ltr'><strong>nos</strong></span> <span class='ocrx_word' id='word_1_17' title='bbox 533 695 716 755; x_wconf 78' lang='lat' dir='ltr'><strong>abundanter</strong></span> <span class='ocrx_word' id='word_1_18' title='bbox 726 696 856 756; x_wconf 84' lang='lat' dir='ltr'><strong>ordinem</strong></span> <span class='ocrx_word' id='word_1_19' title='bbox 867 696 1007 756; x_wconf 87' lang='lat' dir='ltr'><strong>cantandi</strong></span> <span class='ocrx_word' id='word_1_20' title='bbox 1020 718 1073 777; x_wconf 91' lang='lat' dir='ltr'><strong>per</strong></span> <span class='ocrx_word' id='word_1_21' title='bbox 1086 699 1215 758; x_wconf 84' lang='lat' dir='ltr'><strong>ordinem</strong></span> 
     </span>
     <span class='ocr_line' id='line_1_5' title="bbox 258 781 868 842; baseline 0.002 -1"><span class='ocrx_word' id='word_1_22' title='bbox 258 790 290 841; x_wconf 91' lang='lat' dir='ltr'><strong>et</strong></span> <span class='ocrx_word' id='word_1_23' title='bbox 303 783 373 841; x_wconf 86' lang='lat' dir='ltr'><strong>viva</strong></span> <span class='ocrx_word' id='word_1_24' title='bbox 386 801 461 841; x_wconf 87' lang='lat' dir='ltr'><strong>voce</strong></span> <span class='ocrx_word' id='word_1_25' title='bbox 476 782 562 840; x_wconf 88' lang='lat' dir='ltr'><strong>simul</strong></span> <span class='ocrx_word' id='word_1_26' title='bbox 576 792 606 841; x_wconf 90' lang='lat' dir='ltr'><strong>et</strong></span> <span class='ocrx_word' id='word_1_27' title='bbox 619 781 724 840; x_wconf 86' lang='lat' dir='ltr'><strong>litteris</strong></span> <span class='ocrx_word' id='word_1_28' title='bbox 738 781 868 842; x_wconf 80' lang='lat' dir='ltr'><strong>edocuit.</strong></span> 
     </span>
    </p>

    <p class='ocr_par' dir='ltr' id='par_1_3' title="bbox 108 866 1260 2829">
     <span class='ocr_line' id='line_1_6' title="bbox 108 866 1255 948; baseline -0.003 -21"><span class='ocrx_word' id='word_1_29' title='bbox 108 900 120 927; x_wconf 63' lang='grc' dir='ltr'>ε</span> <span class='ocrx_word' id='word_1_30' title='bbox 180 899 190 926; x_wconf 82' lang='grc' dir='ltr'>ι</span> <span class='ocrx_word' id='word_1_31' title='bbox 302 866 565 941; x_wconf 81' lang='lat' dir='ltr'><strong>§11.Postooto</strong></span> <span class='ocrx_word' id='word_1_32' title='bbox 588 876 685 927; x_wconf 87' lang='lat' dir='ltr'><strong>autem</strong></span> <span class='ocrx_word' id='word_1_33' title='bbox 708 887 800 927; x_wconf 89' lang='lat' dir='ltr'><strong>annos</strong></span> <span class='ocrx_word' id='word_1_34' title='bbox 819 886 908 948; x_wconf 87' lang='lat' dir='ltr'><strong>quarn</strong></span> <span class='ocrx_word' id='word_1_35' title='bbox 927 866 1082 947; x_wconf 81' lang='lat' dir='ltr'><strong>praelatum</strong></span> <span class='ocrx_word' id='word_1_36' title='bbox 1101 880 1255 927; x_wconf 76' lang='lat' dir='ltr'><strong>monas-s</strong></span> 
     </span>
     <span class='ocr_line' id='line_1_7' title="bbox 259 952 1216 1033; baseline -0.001 -20"><span class='ocrx_word' id='word_1_37' title='bbox 259 955 362 1013; x_wconf 88' lang='lat' dir='ltr'><strong>terium</strong></span> <span class='ocrx_word' id='word_1_38' title='bbox 382 962 512 1013; x_wconf 91' lang='lat' dir='ltr'><strong>statuere</strong></span> <span class='ocrx_word' id='word_1_39' title='bbox 534 960 695 1033; x_wconf 87' lang='lat' dir='ltr'><strong>coeperaut,</strong></span> <span class='ocrx_word' id='word_1_40' title='bbox 711 954 824 1033; x_wconf 88' lang='lat' dir='ltr'><strong>placuit</strong></span> <span class='ocrx_word' id='word_1_41' title='bbox 843 952 986 1030; x_wconf 76' lang='lat' dir='ltr'><strong>Eugirido</strong></span> <span class='ocrx_word' id='word_1_42' title='bbox 1006 954 1081 1030; x_wconf 79' lang='lat' dir='ltr'><strong>regi,</strong></span> <span class='ocrx_word' id='word_1_43' title='bbox 1102 973 1156 1032; x_wconf 94' lang='lat' dir='ltr'><strong>pro</strong></span> <span class='ocrx_word' id='word_1_44' title='bbox 1172 973 1216 1012; x_wconf 87' lang='lat' dir='ltr'><strong>rc·</strong></span> 
     </span>
     <span class='ocr_line' id='line_1_8' title="bbox 259 1037 1216 1119; baseline 0 -23"><span class='ocrx_word' id='word_1_45' title='bbox 259 1038 407 1098; x_wconf 91' lang='lat' dir='ltr'><strong>demtione</strong></span> <span class='ocrx_word' id='word_1_46' title='bbox 422 1040 527 1097; x_wconf 76' lang='lat' dir='ltr'><strong>animm</strong></span> <span class='ocrx_word' id='word_1_47' title='bbox 542 1058 615 1108; x_wconf 77' lang='lat' dir='ltr'><strong>sua,</strong></span> <span class='ocrx_word' id='word_1_48' title='bbox 630 1040 717 1097; x_wconf 90' lang='lat' dir='ltr'><strong>etiam</strong></span> <span class='ocrx_word' id='word_1_49' title='bbox 732 1039 820 1098; x_wconf 86' lang='lat' dir='ltr'><strong>aliam</strong></span> <span class='ocrx_word' id='word_1_50' title='bbox 835 1038 1031 1119; x_wconf 77' lang='lat' dir='ltr'><strong>quadraginta</strong></span> <span class='ocrx_word' id='word_1_51' title='bbox 1042 1037 1216 1098; x_wconf 79' lang='lat' dir='ltr'><strong>familiamm</strong></span> 
     </span>
     <span class='ocr_line' id='line_1_9' title="bbox 258 1123 1218 1204; baseline -0.001 -21"><span class='ocrx_word' id='word_1_52' title='bbox 258 1133 364 1184; x_wconf 86' lang='lat' dir='ltr'><strong>terram</strong></span> <span class='ocrx_word' id='word_1_53' title='bbox 389 1124 622 1184; x_wconf 81' lang='lat' dir='ltr'><strong>reverentissimo</strong></span> <span class='ocrx_word' id='word_1_54' title='bbox 646 1124 747 1183; x_wconf 88' lang='lat' dir='ltr'><strong>abbati</strong></span> <span class='ocrx_word' id='word_1_55' title='bbox 771 1123 938 1183; x_wconf 90' lang='lat' dir='ltr'><strong>Benedioto</strong></span> <span class='ocrx_word' id='word_1_56' title='bbox 962 1123 1085 1194; x_wconf 84' lang='lat' dir='ltr'><strong>donare,</strong></span> <span class='ocrx_word' id='word_1_57' title='bbox 1109 1124 1218 1204; x_wconf 88' lang='lat' dir='ltr'><strong>inqua</strong></span> 
     </span>
     <span class='ocr_line' id='line_1_10' title="bbox 259 1208 1218 1288; baseline -0.002 -18"><span class='ocrx_word' id='word_1_58' title='bbox 259 1211 388 1270; x_wconf 91' lang='lat' dir='ltr'><strong>ecclesia</strong></span> <span class='ocrx_word' id='word_1_59' title='bbox 406 1220 436 1269; x_wconf 91' lang='lat' dir='ltr'><strong>et</strong></span> <span class='ocrx_word' id='word_1_60' title='bbox 452 1211 659 1269; x_wconf 88' lang='lat' dir='ltr'><strong>monasterium</strong></span> <span class='ocrx_word' id='word_1_61' title='bbox 681 1210 769 1269; x_wconf 86' lang='lat' dir='ltr'><strong>besto</strong></span> <span class='ocrx_word' id='word_1_62' title='bbox 787 1209 888 1269; x_wconf 91' lang='lat' dir='ltr'><strong>Paulo</strong></span> <span class='ocrx_word' id='word_1_63' title='bbox 905 1208 1005 1278; x_wconf 86' lang='lat' dir='ltr'><strong>fieret;</strong></span> <span class='ocrx_word' id='word_1_64' title='bbox 1027 1229 1086 1268; x_wconf 94' lang='lat' dir='ltr'><strong>non</strong></span> <span class='ocrx_word' id='word_1_65' title='bbox 1102 1209 1218 1288; x_wconf 88' lang='lat' dir='ltr'><strong>quidem</strong></span> 
     </span>
     <span class='ocr_line' id='line_1_11' title="bbox 259 1294 1256 1375; baseline -0.006 -21"><span class='ocrx_word' id='word_1_66' title='bbox 259 1316 278 1354; x_wconf 90' lang='lat' dir='ltr'><strong>a</strong></span> <span class='ocrx_word' id='word_1_67' title='bbox 302 1296 405 1375; x_wconf 90' lang='lat' dir='ltr'><strong>prioris</strong></span> <span class='ocrx_word' id='word_1_68' title='bbox 430 1295 597 1355; x_wconf 87' lang='lat' dir='ltr'><strong>monasterii</strong></span> <span class='ocrx_word' id='word_1_69' title='bbox 621 1295 765 1354; x_wconf 89' lang='lat' dir='ltr'><strong>societate</strong></span> <span class='ocrx_word' id='word_1_70' title='bbox 787 1297 965 1373; x_wconf 87' lang='lat' dir='ltr'><strong>sejunctum,</strong></span> <span class='ocrx_word' id='word_1_71' title='bbox 990 1294 1045 1353; x_wconf 91' lang='lat' dir='ltr'><strong>sed</strong></span> <span class='ocrx_word' id='word_1_72' title='bbox 1069 1295 1165 1353; x_wconf 90' lang='lat' dir='ltr'><strong>eidem</strong></span> <span class='ocrx_word' id='word_1_73' title='bbox 1189 1295 1256 1354; x_wconf 88' lang='lat' dir='ltr'><strong>inlu</strong></span> 
     </span>
     <span class='ocr_line' id='line_1_12' title="bbox 259 1379 1218 1460; baseline 0 -20"><span class='ocrx_word' id='word_1_74' title='bbox 259 1381 395 1440; x_wconf 91' lang='lat' dir='ltr'><strong>omnibus</strong></span> <span class='ocrx_word' id='word_1_75' title='bbox 425 1381 562 1439; x_wconf 89' lang='lat' dir='ltr'><strong>unanima</strong></span> <span class='ocrx_word' id='word_1_76' title='bbox 590 1380 770 1440; x_wconf 74' lang='lat' dir='ltr'><strong>fraternitate</strong></span> <span class='ocrx_word' id='word_1_77' title='bbox 800 1399 976 1439; x_wconf 84' lang='lat' dir='ltr'><strong>connexum.</strong></span> <span class='ocrx_word' id='word_1_78' title='bbox 1021 1379 1117 1445; x_wconf 87' lang='lat' dir='ltr'><strong>Quod</strong></span> <span class='ocrx_word' id='word_1_79' title='bbox 1143 1401 1218 1460; x_wconf 90' lang='lat' dir='ltr'><strong>opus</strong></span> 
     </span>
     <span class='ocr_line' id='line_1_13' title="bbox 260 1464 1217 1545; baseline 0 -20"><span class='ocrx_word' id='word_1_80' title='bbox 260 1467 316 1526; x_wconf 88' lang='lat' dir='ltr'><strong>sibi</strong></span> <span class='ocrx_word' id='word_1_81' title='bbox 337 1468 500 1545; x_wconf 89' lang='lat' dir='ltr'><strong>injunctum</strong></span> <span class='ocrx_word' id='word_1_82' title='bbox 522 1464 702 1527; x_wconf 76' lang='lat' dir='ltr'><strong>ceolfritbus</strong></span> <span class='ocrx_word' id='word_1_83' title='bbox 724 1466 959 1525; x_wconf 76' lang='lat' dir='ltr'><strong>strenuosissimo</strong></span> <span class='ocrx_word' id='word_1_84' title='bbox 980 1465 1116 1544; x_wconf 82' lang='lat' dir='ltr'><strong>perfecit,</strong></span> <span class='ocrx_word' id='word_1_85' title='bbox 1137 1485 1217 1525; x_wconf 91' lang='lat' dir='ltr'><strong>nam·</strong></span> 
     </span>
     <span class='ocr_line' id='line_1_14' title="bbox 260 1549 1218 1631; baseline 0 -21"><span class='ocrx_word' id='word_1_86' title='bbox 260 1572 319 1631; x_wconf 92' lang='lat' dir='ltr'><strong>que</strong></span> <span class='ocrx_word' id='word_1_87' title='bbox 354 1553 486 1630; x_wconf 89' lang='lat' dir='ltr'><strong>acceptis</strong></span> <span class='ocrx_word' id='word_1_88' title='bbox 512 1571 613 1612; x_wconf 90' lang='lat' dir='ltr'><strong>secum</strong></span> <span class='ocrx_word' id='word_1_89' title='bbox 642 1551 701 1612; x_wconf 91' lang='lat' dir='ltr'><strong>duo</strong></span> <span class='ocrx_word' id='word_1_90' title='bbox 730 1559 761 1610; x_wconf 92' lang='lat' dir='ltr'><strong>et</strong></span> <span class='ocrx_word' id='word_1_91' title='bbox 792 1552 895 1629; x_wconf 81' lang='lat' dir='ltr'><strong>viginti</strong></span> <span class='ocrx_word' id='word_1_92' title='bbox 922 1549 1072 1620; x_wconf 81' lang='lat' dir='ltr'><strong>iratribus,</strong></span> <span class='ocrx_word' id='word_1_93' title='bbox 1101 1550 1218 1628; x_wconf 90' lang='lat' dir='ltr'><strong>(decem</strong></span> 
     </span>
     <span class='ocr_line' id='line_1_15' title="bbox 261 1635 1217 1717; baseline 0.001 -22"><span class='ocrx_word' id='word_1_94' title='bbox 261 1636 379 1717; x_wconf 91' lang='lat' dir='ltr'><strong>quidem</strong></span> <span class='ocrx_word' id='word_1_95' title='bbox 399 1638 533 1707; x_wconf 85' lang='lat' dir='ltr'><strong>attonsis,</strong></span> <span class='ocrx_word' id='word_1_96' title='bbox 556 1636 713 1696; x_wconf 85' lang='lat' dir='ltr'><strong>duodecim</strong></span> <span class='ocrx_word' id='word_1_97' title='bbox 734 1657 806 1697; x_wconf 88' lang='lat' dir='ltr'><strong>vero</strong></span> <span class='ocrx_word' id='word_1_98' title='bbox 824 1646 953 1697; x_wconf 83' lang='lat' dir='ltr'><strong>tonsurae</strong></span> <span class='ocrx_word' id='word_1_99' title='bbox 974 1635 1074 1696; x_wconf 82' lang='lat' dir='ltr'><strong>adbuc</strong></span> <span class='ocrx_word' id='word_1_100' title='bbox 1096 1638 1217 1714; x_wconf 79' lang='lat' dir='ltr'><strong>gratiam</strong></span> 
     </span>
     <span class='ocr_line' id='line_1_16' title="bbox 262 1722 1256 1802; baseline -0.007 -19"><span class='ocrx_word' id='word_1_101' title='bbox 262 1724 529 1802; x_wconf 63' lang='lat' dir='ltr'><strong>exspectantibus)</strong></span> <span class='ocrx_word' id='word_1_102' title='bbox 540 1723 620 1782; x_wconf 89' lang='lat' dir='ltr'><strong>venit</strong></span> <span class='ocrx_word' id='word_1_103' title='bbox 628 1722 665 1781; x_wconf 90' lang='lat' dir='ltr'><strong>ad</strong></span> <span class='ocrx_word' id='word_1_104' title='bbox 674 1722 771 1782; x_wconf 87' lang='lat' dir='ltr'><strong>locum</strong></span> <span class='ocrx_word' id='word_1_105' title='bbox 780 1723 879 1802; x_wconf 89' lang='lat' dir='ltr'><strong>primis</strong></span> <span class='ocrx_word' id='word_1_106' title='bbox 888 1723 1018 1781; x_wconf 92' lang='lat' dir='ltr'><strong>autumni</strong></span> <span class='ocrx_word' id='word_1_107' title='bbox 1026 1723 1216 1790; x_wconf 67' lang='lat' dir='ltr'><strong>abscessum</strong></span> <span class='ocrx_word' id='word_1_108' title='bbox 1228 1733 1256 1777; x_wconf 79' lang='lat' dir='ltr'><strong>lo</strong></span> 
     </span>
     <span class='ocr_line' id='line_1_17' title="bbox 262 1809 1217 1889; baseline -0.002 -21"><span class='ocrx_word' id='word_1_109' title='bbox 262 1809 439 1868; x_wconf 88' lang='lat' dir='ltr'><strong>constructis</strong></span> <span class='ocrx_word' id='word_1_110' title='bbox 460 1810 607 1877; x_wconf 88' lang='lat' dir='ltr'><strong>omnibus,</strong></span> <span class='ocrx_word' id='word_1_111' title='bbox 627 1829 694 1889; x_wconf 82' lang='lat' dir='ltr'><strong>qnae</strong></span> <span class='ocrx_word' id='word_1_112' title='bbox 715 1810 842 1868; x_wconf 82' lang='lat' dir='ltr'><strong>maxime</strong></span> <span class='ocrx_word' id='word_1_113' title='bbox 863 1809 1027 1867; x_wconf 88' lang='lat' dir='ltr'><strong>necessitas</strong></span> <span class='ocrx_word' id='word_1_114' title='bbox 1050 1809 1217 1868; x_wconf 87' lang='lat' dir='ltr'><strong>monasterii</strong></span> 
     </span>
     <span class='ocr_line' id='line_1_18' title="bbox 262 1892 1217 1974; baseline -0.002 -22"><span class='ocrx_word' id='word_1_115' title='bbox 262 1895 417 1974; x_wconf 89' lang='lat' dir='ltr'><strong>poscebat,</strong></span> <span class='ocrx_word' id='word_1_116' title='bbox 429 1893 578 1963; x_wconf 91' lang='lat' dir='ltr'><strong>domibus,</strong></span> <span class='ocrx_word' id='word_1_117' title='bbox 587 1894 682 1973; x_wconf 88' lang='lat' dir='ltr'><strong>ipsam</strong></span> <span class='ocrx_word' id='word_1_118' title='bbox 698 1895 839 1973; x_wconf 80' lang='lat' dir='ltr'><strong>regularis</strong></span> <span class='ocrx_word' id='word_1_119' title='bbox 855 1892 1000 1953; x_wconf 87' lang='lat' dir='ltr'><strong>custodiae</strong></span> <span class='ocrx_word' id='word_1_120' title='bbox 1014 1892 1217 1972; x_wconf 86' lang='lat' dir='ltr'><strong>disciplinam:</strong></span> 
     </span>
     <span class='ocr_line' id='line_1_19' title="bbox 262 1978 1218 2057; baseline 0 -20"><span class='ocrx_word' id='word_1_121' title='bbox 262 1978 388 2037; x_wconf 91' lang='lat' dir='ltr'><strong>eundem</strong></span> <span class='ocrx_word' id='word_1_122' title='bbox 411 1980 552 2039; x_wconf 90' lang='lat' dir='ltr'><strong>cantandi</strong></span> <span class='ocrx_word' id='word_1_123' title='bbox 578 1979 755 2057; x_wconf 78' lang='lat' dir='ltr'><strong>legendique</strong></span> <span class='ocrx_word' id='word_1_124' title='bbox 782 1980 868 2038; x_wconf 86' lang='lat' dir='ltr'><strong>ritum</strong></span> <span class='ocrx_word' id='word_1_125' title='bbox 890 1998 1005 2039; x_wconf 88' lang='lat' dir='ltr'><strong>omnem</strong></span> <span class='ocrx_word' id='word_1_126' title='bbox 1032 1980 1218 2050; x_wconf 83' lang='lat' dir='ltr'><strong>canonicum,</strong></span> 
     </span>
     <span class='ocr_line' id='line_1_20' title="bbox 262 2064 1219 2144; baseline 0.001 -22"><span class='ocrx_word' id='word_1_127' title='bbox 262 2084 350 2144; x_wconf 91' lang='lat' dir='ltr'><strong>quern</strong></span> <span class='ocrx_word' id='word_1_128' title='bbox 376 2065 405 2121; x_wconf 94' lang='lat' dir='ltr'><strong>in</strong></span> <span class='ocrx_word' id='word_1_129' title='bbox 423 2064 511 2143; x_wconf 88' lang='lat' dir='ltr'><strong>priori</strong></span> <span class='ocrx_word' id='word_1_130' title='bbox 536 2066 713 2124; x_wconf 90' lang='lat' dir='ltr'><strong>monasterio</strong></span> <span class='ocrx_word' id='word_1_131' title='bbox 738 2066 908 2135; x_wconf 84' lang='lat' dir='ltr'><strong>servabant,</strong></span> <span class='ocrx_word' id='word_1_132' title='bbox 931 2065 972 2122; x_wconf 91' lang='lat' dir='ltr'><strong>ibi</strong></span> <span class='ocrx_word' id='word_1_133' title='bbox 995 2084 1117 2143; x_wconf 90' lang='lat' dir='ltr'><strong>quoque</strong></span> <span class='ocrx_word' id='word_1_134' title='bbox 1141 2065 1219 2124; x_wconf 88' lang='lat' dir='ltr'><strong>cele·</strong></span> 
     </span>
     <span class='ocr_line' id='line_1_21' title="bbox 263 2148 1258 2230; baseline -0.001 -23"><span class='ocrx_word' id='word_1_135' title='bbox 263 2148 406 2208; x_wconf 88' lang='lat' dir='ltr'><strong>brandum</strong></span> <span class='ocrx_word' id='word_1_136' title='bbox 429 2151 576 2230; x_wconf 91' lang='lat' dir='ltr'><strong>suscepit;</strong></span> <span class='ocrx_word' id='word_1_137' title='bbox 600 2150 670 2209; x_wconf 92' lang='lat' dir='ltr'><strong>dum</strong></span> <span class='ocrx_word' id='word_1_138' title='bbox 692 2170 879 2230; x_wconf 89' lang='lat' dir='ltr'><strong>nequaquam</strong></span> <span class='ocrx_word' id='word_1_139' title='bbox 899 2170 1011 2219; x_wconf 88' lang='lat' dir='ltr'><strong>omnes,</strong></span> <span class='ocrx_word' id='word_1_140' title='bbox 1027 2151 1079 2230; x_wconf 90' lang='lat' dir='ltr'><strong>qui</strong></span> <span class='ocrx_word' id='word_1_141' title='bbox 1095 2170 1163 2210; x_wconf 90' lang='lat' dir='ltr'><strong>curn</strong></span> <span class='ocrx_word' id='word_1_142' title='bbox 1185 2162 1258 2209; x_wconf 71' lang='lat' dir='ltr'><strong>eoru</strong></span> 
     </span>
     <span class='ocr_line' id='line_1_22' title="bbox 262 2235 1220 2317; baseline 0.001 -23"><span class='ocrx_word' id='word_1_143' title='bbox 262 2243 411 2303; x_wconf 88' lang='lat' dir='ltr'><strong>venerant,</strong></span> <span class='ocrx_word' id='word_1_144' title='bbox 421 2236 552 2315; x_wconf 87' lang='lat' dir='ltr'><strong>psalmos</strong></span> <span class='ocrx_word' id='word_1_145' title='bbox 564 2246 694 2306; x_wconf 89' lang='lat' dir='ltr'><strong>cantare,</strong></span> <span class='ocrx_word' id='word_1_146' title='bbox 705 2245 816 2317; x_wconf 92' lang='lat' dir='ltr'><strong>quanto</strong></span> <span class='ocrx_word' id='word_1_147' title='bbox 831 2236 925 2294; x_wconf 90' lang='lat' dir='ltr'><strong>minus</strong></span> <span class='ocrx_word' id='word_1_148' title='bbox 934 2235 1031 2314; x_wconf 84' lang='lat' dir='ltr'><strong>legere</strong></span> <span class='ocrx_word' id='word_1_149' title='bbox 1039 2236 1068 2294; x_wconf 95' lang='lat' dir='ltr'><strong>iu</strong></span> <span class='ocrx_word' id='word_1_150' title='bbox 1079 2236 1220 2306; x_wconf 90' lang='lat' dir='ltr'><strong>ecclesia,</strong></span> 
     </span>
     <span class='ocr_line' id='line_1_23' title="bbox 262 2321 1221 2402; baseline 0.001 -22"><span class='ocrx_word' id='word_1_151' title='bbox 262 2321 311 2380; x_wconf 87' lang='lat' dir='ltr'><strong>vel</strong></span> <span class='ocrx_word' id='word_1_152' title='bbox 338 2322 513 2400; x_wconf 88' lang='lat' dir='ltr'><strong>antiphonas</strong></span> <span class='ocrx_word' id='word_1_153' title='bbox 541 2322 604 2381; x_wconf 88' lang='lat' dir='ltr'><strong>sive</strong></span> <span class='ocrx_word' id='word_1_154' title='bbox 632 2322 819 2402; x_wconf 86' lang='lat' dir='ltr'><strong>responsoria</strong></span> <span class='ocrx_word' id='word_1_155' title='bbox 845 2321 955 2390; x_wconf 90' lang='lat' dir='ltr'><strong>dicere,</strong></span> <span class='ocrx_word' id='word_1_156' title='bbox 982 2330 1115 2380; x_wconf 90' lang='lat' dir='ltr'><strong>nossent.</strong></span> <span class='ocrx_word' id='word_1_157' title='bbox 1160 2321 1221 2381; x_wconf 85' lang='lat' dir='ltr'><strong>Sed</strong></span> 
     </span>
     <span class='ocr_line' id='line_1_24' title="bbox 257 2407 1220 2487; baseline -0.001 -21"><span class='ocrx_word' id='word_1_158' title='bbox 257 2407 336 2487; x_wconf 88' lang='lat' dir='ltr'><strong>juvit</strong></span> <span class='ocrx_word' id='word_1_159' title='bbox 356 2427 408 2466; x_wconf 89' lang='lat' dir='ltr'><strong>eos</strong></span> <span class='ocrx_word' id='word_1_160' title='bbox 434 2426 515 2466; x_wconf 92' lang='lat' dir='ltr'><strong>amor</strong></span> <span class='ocrx_word' id='word_1_161' title='bbox 537 2407 698 2482; x_wconf 80' lang='lat' dir='ltr'><strong>religionis,</strong></span> <span class='ocrx_word' id='word_1_162' title='bbox 717 2417 747 2467; x_wconf 96' lang='lat' dir='ltr'><strong>et</strong></span> <span class='ocrx_word' id='word_1_163' title='bbox 766 2407 888 2467; x_wconf 87' lang='lat' dir='ltr'><strong>studiosi</strong></span> <span class='ocrx_word' id='word_1_164' title='bbox 910 2407 1031 2466; x_wconf 89' lang='lat' dir='ltr'><strong>rectoris</strong></span> <span class='ocrx_word' id='word_1_165' title='bbox 1053 2407 1220 2487; x_wconf 85' lang='lat' dir='ltr'><strong>exemplum</strong></span> 
     </span>
     <span class='ocr_line' id='line_1_25' title="bbox 262 2492 1221 2573; baseline 0 -21"><span class='ocrx_word' id='word_1_166' title='bbox 262 2501 351 2573; x_wconf 87' lang='lat' dir='ltr'><strong>atque</strong></span> <span class='ocrx_word' id='word_1_167' title='bbox 376 2492 514 2552; x_wconf 89' lang='lat' dir='ltr'><strong>instantia</strong></span> <span class='ocrx_word' id='word_1_168' title='bbox 544 2493 661 2561; x_wconf 89' lang='lat' dir='ltr'><strong>sollers,</strong></span> <span class='ocrx_word' id='word_1_169' title='bbox 689 2494 740 2572; x_wconf 90' lang='lat' dir='ltr'><strong>qui</strong></span> <span class='ocrx_word' id='word_1_170' title='bbox 765 2493 861 2552; x_wconf 89' lang='lat' dir='ltr'><strong>donec</strong></span> <span class='ocrx_word' id='word_1_171' title='bbox 887 2493 978 2551; x_wconf 88' lang='lat' dir='ltr'><strong>altum</strong></span> <span class='ocrx_word' id='word_1_172' title='bbox 1006 2493 1221 2552; x_wconf 88' lang='lat' dir='ltr'><strong>monasterialis</strong></span> 
     </span>
     <span class='ocr_line' id='line_1_26' title="bbox 263 2576 1260 2658; baseline -0.002 -21"><span class='ocrx_word' id='word_1_173' title='bbox 263 2578 457 2638; x_wconf 84' lang='lat' dir='ltr'><strong>observantiae</strong></span> <span class='ocrx_word' id='word_1_174' title='bbox 472 2576 602 2637; x_wconf 86' lang='lat' dir='ltr'><strong>radicem</strong></span> <span class='ocrx_word' id='word_1_175' title='bbox 616 2577 709 2649; x_wconf 88' lang='lat' dir='ltr'><strong>tieret,</strong></span> <span class='ocrx_word' id='word_1_176' title='bbox 724 2579 832 2658; x_wconf 75' lang='lat' dir='ltr'><strong>sapius</strong></span> <span class='ocrx_word' id='word_1_177' title='bbox 850 2579 928 2637; x_wconf 91' lang='lat' dir='ltr'><strong>boris</strong></span> <span class='ocrx_word' id='word_1_178' title='bbox 947 2578 1083 2637; x_wconf 92' lang='lat' dir='ltr'><strong>omnibus</strong></span> <span class='ocrx_word' id='word_1_179' title='bbox 1102 2579 1260 2638; x_wconf 72' lang='lat' dir='ltr'><strong>canoni-un</strong></span> 
     </span>
     <span class='ocr_line' id='line_1_27' title="bbox 263 2662 1223 2745; baseline 0 -22"><span class='ocrx_word' id='word_1_180' title='bbox 263 2664 307 2723; x_wconf 92' lang='lat' dir='ltr'><strong>cis</strong></span> <span class='ocrx_word' id='word_1_181' title='bbox 321 2683 388 2723; x_wconf 93' lang='lat' dir='ltr'><strong>cum</strong></span> <span class='ocrx_word' id='word_1_182' title='bbox 402 2663 539 2723; x_wconf 81' lang='lat' dir='ltr'><strong>iratribus</strong></span> <span class='ocrx_word' id='word_1_183' title='bbox 553 2664 713 2723; x_wconf 89' lang='lat' dir='ltr'><strong>ecclesiam</strong></span> <span class='ocrx_word' id='word_1_184' title='bbox 722 2662 917 2743; x_wconf 79' lang='lat' dir='ltr'><strong>frequentare,</strong></span> <span class='ocrx_word' id='word_1_185' title='bbox 930 2663 1011 2723; x_wconf 88' lang='lat' dir='ltr'><strong>retici</strong></span> <span class='ocrx_word' id='word_1_186' title='bbox 1022 2674 1054 2723; x_wconf 92' lang='lat' dir='ltr'><strong>et</strong></span> <span class='ocrx_word' id='word_1_187' title='bbox 1068 2665 1223 2745; x_wconf 87' lang='lat' dir='ltr'><strong>quiescere</strong></span> 
     </span>
     <span class='ocr_line' id='line_1_28' title="bbox 264 2748 1221 2829; baseline 0.001 -22"><span class='ocrx_word' id='word_1_188' title='bbox 264 2748 395 2817; x_wconf 87' lang='lat' dir='ltr'><strong>solebat;</strong></span> <span class='ocrx_word' id='word_1_189' title='bbox 430 2756 576 2828; x_wconf 91' lang='lat' dir='ltr'><strong>quatenus</strong></span> <span class='ocrx_word' id='word_1_190' title='bbox 604 2749 629 2808; x_wconf 92' lang='lat' dir='ltr'><strong>si</strong></span> <span class='ocrx_word' id='word_1_191' title='bbox 658 2769 718 2829; x_wconf 88' lang='lat' dir='ltr'><strong>qua</strong></span> <span class='ocrx_word' id='word_1_192' title='bbox 744 2748 930 2826; x_wconf 79' lang='lat' dir='ltr'><strong>corrigenda,</strong></span> <span class='ocrx_word' id='word_1_193' title='bbox 959 2750 1069 2827; x_wconf 87' lang='lat' dir='ltr'><strong>siqua</strong></span> <span class='ocrx_word' id='word_1_194' title='bbox 1093 2751 1221 2810; x_wconf 83' lang='lat' dir='ltr'><strong>novitios</strong></span> 
     </span>
    </p>

    <p class='ocr_par' dir='ltr' id='par_1_4' title="bbox 161 2833 926 2914">
     <span class='ocr_line' id='line_1_29' title="bbox 161 2833 926 2914; baseline -0.003 -20"><span class='ocrx_word' id='word_1_195' title='bbox 161 2843 166 2849; x_wconf 91' lang='grc'><strong><em>’</em></strong></span> <span class='ocrx_word' id='word_1_196' title='bbox 265 2843 365 2894; x_wconf 88' lang='lat' dir='ltr'><strong>essent</strong></span> <span class='ocrx_word' id='word_1_197' title='bbox 378 2833 524 2906; x_wconf 89' lang='lat' dir='ltr'><strong>docenda,</strong></span> <span class='ocrx_word' id='word_1_198' title='bbox 540 2854 670 2913; x_wconf 79' lang='lat' dir='ltr'><strong>praesens</strong></span> <span class='ocrx_word' id='word_1_199' title='bbox 684 2835 748 2914; x_wconf 89' lang='lat' dir='ltr'><strong>ipse</strong></span> <span class='ocrx_word' id='word_1_200' title='bbox 762 2833 926 2914; x_wconf 89' lang='lat' dir='ltr'><strong>perficeret.</strong></span> 
     </span>
    </p>

    <p class='ocr_par' dir='ltr' id='par_1_5' title="bbox 85 2917 1221 2998">
     <span class='ocr_line' id='line_1_30' title="bbox 85 2917 1221 2998; baseline -0.001 -19"><span class='ocrx_word' id='word_1_201' title='bbox 85 2939 231 2979; x_wconf 69' lang='lat' dir='ltr'><strong>ceornrurnu</strong></span> <span class='ocrx_word' id='word_1_202' title='bbox 307 2925 383 2993; x_wconf 67' lang='lat'><strong>§12</strong></span> <span class='ocrx_word' id='word_1_203' title='bbox 406 2919 507 2980; x_wconf 85' lang='lat' dir='ltr'><strong>Tertio</strong></span> <span class='ocrx_word' id='word_1_204' title='bbox 521 2929 618 2979; x_wconf 91' lang='lat' dir='ltr'><strong>autem</strong></span> <span class='ocrx_word' id='word_1_205' title='bbox 634 2940 671 2978; x_wconf 85' lang='lat' dir='ltr'><strong>ex</strong></span> <span class='ocrx_word' id='word_1_206' title='bbox 687 2940 748 2998; x_wconf 90' lang='lat' dir='ltr'><strong>quo</strong></span> <span class='ocrx_word' id='word_1_207' title='bbox 761 2920 967 2978; x_wconf 89' lang='lat' dir='ltr'><strong>monasterium</strong></span> <span class='ocrx_word' id='word_1_208' title='bbox 982 2917 1119 2978; x_wconf 87' lang='lat' dir='ltr'><strong>fundavit</strong></span> <span class='ocrx_word' id='word_1_209' title='bbox 1133 2939 1221 2990; x_wconf 86' lang='lat' dir='ltr'><strong>anno,</strong></span> 
     </span>
    </p>

    <p class='ocr_par' dir='ltr' id='par_1_6' title="bbox 84 2994 1264 3767">
     <span class='ocr_line' id='line_1_31' title="bbox 84 2994 1263 3085; baseline 0 -21"><span class='ocrx_word' id='word_1_210' title='bbox 84 2994 209 3085; x_wconf 53' lang='lat' dir='ltr'><strong>{gffffi&#39;</strong></span> <span class='ocrx_word' id='word_1_211' title='bbox 265 3005 354 3085; x_wconf 90' lang='lat' dir='ltr'><strong>coepit</strong></span> <span class='ocrx_word' id='word_1_212' title='bbox 378 3004 525 3064; x_wconf 75' lang='lat' dir='ltr'><strong>edificare</strong></span> <span class='ocrx_word' id='word_1_213' title='bbox 550 3005 708 3064; x_wconf 89' lang='lat' dir='ltr'><strong>ecclesiam</strong></span> <span class='ocrx_word' id='word_1_214' title='bbox 736 3004 817 3064; x_wconf 89' lang='lat' dir='ltr'><strong>beati</strong></span> <span class='ocrx_word' id='word_1_215' title='bbox 840 3004 933 3064; x_wconf 90' lang='lat' dir='ltr'><strong>Pauli</strong></span> <span class='ocrx_word' id='word_1_216' title='bbox 957 3004 1084 3083; x_wconf 90' lang='lat' dir='ltr'><strong>apostoli</strong></span> <span class='ocrx_word' id='word_1_217' title='bbox 1108 3006 1263 3064; x_wconf 75' lang='lat' dir='ltr'><strong>nominem</strong></span> 
     </span>
     <span class='ocr_line' id='line_1_32' title="bbox 265 3089 1222 3169; baseline 0.001 -21"><span class='ocrx_word' id='word_1_218' title='bbox 265 3090 509 3160; x_wconf 90' lang='lat' dir='ltr'><strong>consecrandam,</strong></span> <span class='ocrx_word' id='word_1_219' title='bbox 528 3090 578 3148; x_wconf 89' lang='lat' dir='ltr'><strong>ubi</strong></span> <span class='ocrx_word' id='word_1_220' title='bbox 597 3089 758 3169; x_wconf 84' lang='lat' dir='ltr'><strong>Ecgfridus</strong></span> <span class='ocrx_word' id='word_1_221' title='bbox 772 3090 836 3169; x_wconf 91' lang='lat' dir='ltr'><strong>ipse</strong></span> <span class='ocrx_word' id='word_1_222' title='bbox 853 3091 952 3150; x_wconf 92' lang='lat' dir='ltr'><strong>locum</strong></span> <span class='ocrx_word' id='word_1_223' title='bbox 969 3089 1068 3148; x_wconf 87' lang='lat' dir='ltr'><strong>altaris</strong></span> <span class='ocrx_word' id='word_1_224' title='bbox 1083 3089 1222 3168; x_wconf 84' lang='lat' dir='ltr'><strong>designa-</strong></span> 
     </span>
     <span class='ocr_line' id='line_1_33' title="bbox 264 3175 1222 3255; baseline -0.001 -20"><span class='ocrx_word' id='word_1_225' title='bbox 264 3183 365 3243; x_wconf 88' lang='lat' dir='ltr'><strong>verat;</strong></span> <span class='ocrx_word' id='word_1_226' title='bbox 387 3176 468 3254; x_wconf 92' lang='lat' dir='ltr'><strong>quod</strong></span> <span class='ocrx_word' id='word_1_227' title='bbox 482 3177 510 3235; x_wconf 94' lang='lat' dir='ltr'><strong>in</strong></span> <span class='ocrx_word' id='word_1_228' title='bbox 526 3184 638 3235; x_wconf 90' lang='lat' dir='ltr'><strong>tautum</strong></span> <span class='ocrx_word' id='word_1_229' title='bbox 653 3177 746 3235; x_wconf 85' lang='lat' dir='ltr'><strong>crevit</strong></span> <span class='ocrx_word' id='word_1_230' title='bbox 761 3195 838 3255; x_wconf 89' lang='lat' dir='ltr'><strong>opus</strong></span> <span class='ocrx_word' id='word_1_231' title='bbox 854 3176 883 3234; x_wconf 91' lang='lat' dir='ltr'><strong>in</strong></span> <span class='ocrx_word' id='word_1_232' title='bbox 903 3175 979 3243; x_wconf 88' lang='lat' dir='ltr'><strong>dies,</strong></span> <span class='ocrx_word' id='word_1_233' title='bbox 998 3183 1032 3232; x_wconf 89' lang='lat' dir='ltr'><strong>ut</strong></span> <span class='ocrx_word' id='word_1_234' title='bbox 1049 3194 1117 3234; x_wconf 92' lang='lat' dir='ltr'><strong>cum</strong></span> <span class='ocrx_word' id='word_1_235' title='bbox 1133 3177 1222 3255; x_wconf 92' lang='lat' dir='ltr'><strong>pauci</strong></span> 
     </span>
     <span class='ocr_line' id='line_1_34' title="bbox 265 3261 1223 3341; baseline 0 -21"><span class='ocrx_word' id='word_1_236' title='bbox 265 3269 367 3320; x_wconf 91' lang='lat' dir='ltr'><strong>esseut</strong></span> <span class='ocrx_word' id='word_1_237' title='bbox 383 3262 518 3339; x_wconf 87' lang='lat' dir='ltr'><strong>operarii,</strong></span> <span class='ocrx_word' id='word_1_238' title='bbox 535 3261 668 3320; x_wconf 90' lang='lat' dir='ltr'><strong>secundo</strong></span> <span class='ocrx_word' id='word_1_239' title='bbox 689 3281 727 3320; x_wconf 89' lang='lat' dir='ltr'><strong>ex</strong></span> <span class='ocrx_word' id='word_1_240' title='bbox 744 3281 805 3341; x_wconf 92' lang='lat' dir='ltr'><strong>quo</strong></span> <span class='ocrx_word' id='word_1_241' title='bbox 823 3262 992 3321; x_wconf 88' lang='lat' dir='ltr'><strong>inchoatum</strong></span> <span class='ocrx_word' id='word_1_242' title='bbox 1011 3266 1058 3318; x_wconf 88' lang='lat' dir='ltr'><strong>est</strong></span> <span class='ocrx_word' id='word_1_243' title='bbox 1074 3279 1163 3331; x_wconf 93' lang='lat' dir='ltr'><strong>anno,</strong></span> <span class='ocrx_word' id='word_1_244' title='bbox 1184 3261 1223 3320; x_wconf 87' lang='lat' dir='ltr'><strong>sd</strong></span> 
     </span>
     <span class='ocr_line' id='line_1_35' title="bbox 265 3345 1223 3426; baseline 0.001 -21"><span class='ocrx_word' id='word_1_245' title='bbox 265 3345 480 3405; x_wconf 89' lang='lat' dir='ltr'><strong>dedicationem</strong></span> <span class='ocrx_word' id='word_1_246' title='bbox 498 3366 593 3426; x_wconf 90' lang='lat' dir='ltr'><strong>usque</strong></span> <span class='ocrx_word' id='word_1_247' title='bbox 612 3347 785 3426; x_wconf 85' lang='lat' dir='ltr'><strong>perveniret.</strong></span> <span class='ocrx_word' id='word_1_248' title='bbox 830 3345 876 3406; x_wconf 91' lang='grc' dir='ltr'><strong>Εο</strong></span> <span class='ocrx_word' id='word_1_249' title='bbox 897 3354 994 3405; x_wconf 89' lang='lat' dir='ltr'><strong>autem</strong></span> <span class='ocrx_word' id='word_1_250' title='bbox 1013 3352 1147 3425; x_wconf 82' lang='lat' dir='ltr'><strong>tempore</strong></span> <span class='ocrx_word' id='word_1_251' title='bbox 1163 3368 1223 3426; x_wconf 92' lang='lat' dir='ltr'><strong>quo</strong></span> 
     </span>
     <span class='ocr_line' id='line_1_36' title="bbox 265 3430 1264 3492; baseline 0.002 -2"><span class='ocrx_word' id='word_1_252' title='bbox 265 3430 517 3490; x_wconf 89' lang='lat' dir='ltr'><strong>reverentissimus</strong></span> <span class='ocrx_word' id='word_1_253' title='bbox 539 3432 632 3490; x_wconf 86' lang='lat' dir='ltr'><strong>abbas</strong></span> <span class='ocrx_word' id='word_1_254' title='bbox 655 3431 837 3490; x_wconf 89' lang='lat' dir='ltr'><strong>Benedictus</strong></span> <span class='ocrx_word' id='word_1_255' title='bbox 860 3431 929 3491; x_wconf 90' lang='lat' dir='ltr'><strong>illuc</strong></span> <span class='ocrx_word' id='word_1_256' title='bbox 947 3431 1067 3489; x_wconf 85' lang='lat' dir='ltr'><strong>miserat</strong></span> <span class='ocrx_word' id='word_1_257' title='bbox 1088 3433 1264 3492; x_wconf 69' lang='lat' dir='ltr'><strong>eburumes</strong></span> 
     </span>
     <span class='ocr_line' id='line_1_37' title="bbox 267 3515 1223 3596; baseline 0 -19"><span class='ocrx_word' id='word_1_258' title='bbox 267 3515 460 3589; x_wconf 85' lang='lat' dir='ltr'><strong>Ceolfridum,</strong></span> <span class='ocrx_word' id='word_1_259' title='bbox 476 3517 627 3575; x_wconf 89' lang='lat' dir='ltr'><strong>constituit</strong></span> <span class='ocrx_word' id='word_1_260' title='bbox 641 3525 671 3575; x_wconf 92' lang='lat' dir='ltr'><strong>et</strong></span> <span class='ocrx_word' id='word_1_261' title='bbox 685 3516 873 3586; x_wconf 88' lang='lat' dir='ltr'><strong>Eosterwini,</strong></span> <span class='ocrx_word' id='word_1_262' title='bbox 891 3536 977 3596; x_wconf 90' lang='lat' dir='ltr'><strong>quem</strong></span> <span class='ocrx_word' id='word_1_263' title='bbox 992 3515 1133 3596; x_wconf 83' lang='lat' dir='ltr'><strong>praefatus</strong></span> <span class='ocrx_word' id='word_1_264' title='bbox 1148 3538 1223 3591; x_wconf 91' lang='lat' dir='ltr'><strong>sum,</strong></span> 
     </span>
     <span class='ocr_line' id='line_1_38' title="bbox 266 3602 1224 3683; baseline 0 -21"><span class='ocrx_word' id='word_1_265' title='bbox 266 3604 469 3683; x_wconf 85' lang='lat' dir='ltr'><strong>presbyterum</strong></span> <span class='ocrx_word' id='word_1_266' title='bbox 491 3609 708 3680; x_wconf 85' lang='lat' dir='ltr'><strong>cognatumque</strong></span> <span class='ocrx_word' id='word_1_267' title='bbox 726 3621 823 3671; x_wconf 92' lang='lat' dir='ltr'><strong>snum,</strong></span> <span class='ocrx_word' id='word_1_268' title='bbox 844 3602 947 3681; x_wconf 90' lang='lat' dir='ltr'><strong>prioris</strong></span> <span class='ocrx_word' id='word_1_269' title='bbox 968 3603 1138 3660; x_wconf 89' lang='lat' dir='ltr'><strong>monasterii</strong></span> <span class='ocrx_word' id='word_1_270' title='bbox 1160 3623 1224 3667; x_wconf 88' lang='lat' dir='ltr'><strong>reo·</strong></span> 
     </span>
     <span class='ocr_line' id='line_1_39' title="bbox 266 3686 1225 3767; baseline 0.002 -20"><span class='ocrx_word' id='word_1_271' title='bbox 266 3698 370 3758; x_wconf 89' lang='lat' dir='ltr'><strong>torem,</strong></span> <span class='ocrx_word' id='word_1_272' title='bbox 385 3708 442 3746; x_wconf 90' lang='lat' dir='ltr'><strong>non</strong></span> <span class='ocrx_word' id='word_1_273' title='bbox 457 3688 528 3767; x_wconf 90' lang='lat' dir='ltr'><strong>quia</strong></span> <span class='ocrx_word' id='word_1_274' title='bbox 541 3707 628 3745; x_wconf 91' lang='lat' dir='ltr'><strong>unum</strong></span> <span class='ocrx_word' id='word_1_275' title='bbox 643 3686 779 3767; x_wconf 89' lang='lat' dir='ltr'><strong>idemque</strong></span> <span class='ocrx_word' id='word_1_276' title='bbox 794 3688 1002 3747; x_wconf 88' lang='lat' dir='ltr'><strong>monasterium</strong></span> <span class='ocrx_word' id='word_1_277' title='bbox 1020 3686 1096 3747; x_wconf 90' lang='lat' dir='ltr'><strong>duos</strong></span> <span class='ocrx_word' id='word_1_278' title='bbox 1116 3689 1225 3749; x_wconf 86' lang='lat' dir='ltr'><strong>babere</strong></span> 
     </span>
    </p>
   </div>
   <div class='ocr_carea' id='block_1_3' title="bbox 266 3772 1265 3938">
    <p class='ocr_par' dir='ltr' id='par_1_7' title="bbox 266 3772 1265 3938">
     <span class='ocr_line' id='line_1_40' title="bbox 266 3772 1226 3854; baseline -0.001 -20"><span class='ocrx_word' id='word_1_279' title='bbox 266 3776 314 3834; x_wconf 84' lang='lat' dir='ltr'><strong>vel</strong></span> <span class='ocrx_word' id='word_1_280' title='bbox 338 3774 432 3854; x_wconf 87' lang='lat' dir='ltr'><strong>possit</strong></span> <span class='ocrx_word' id='word_1_281' title='bbox 451 3774 500 3832; x_wconf 91' lang='lat' dir='ltr'><strong>vel</strong></span> <span class='ocrx_word' id='word_1_282' title='bbox 524 3772 632 3832; x_wconf 89' lang='lat' dir='ltr'><strong>debeat</strong></span> <span class='ocrx_word' id='word_1_283' title='bbox 653 3774 789 3842; x_wconf 88' lang='lat' dir='ltr'><strong>abbates,</strong></span> <span class='ocrx_word' id='word_1_284' title='bbox 814 3772 868 3831; x_wconf 89' lang='lat' dir='ltr'><strong>sed</strong></span> <span class='ocrx_word' id='word_1_285' title='bbox 892 3774 963 3853; x_wconf 88' lang='lat' dir='ltr'><strong>quia</strong></span> <span class='ocrx_word' id='word_1_286' title='bbox 981 3774 1043 3852; x_wconf 91' lang='lat' dir='ltr'><strong>ipse</strong></span> <span class='ocrx_word' id='word_1_287' title='bbox 1063 3795 1115 3853; x_wconf 91' lang='lat' dir='ltr'><strong>pro</strong></span> <span class='ocrx_word' id='word_1_288' title='bbox 1137 3776 1226 3833; x_wconf 86' lang='lat' dir='ltr'><strong>insita</strong></span> 
     </span>
     <span class='ocr_line' id='line_1_41' title="bbox 267 3858 1265 3938; baseline 0 -20"><span class='ocrx_word' id='word_1_289' title='bbox 267 3860 323 3919; x_wconf 88' lang='lat' dir='ltr'><strong>sibi</strong></span> <span class='ocrx_word' id='word_1_290' title='bbox 343 3859 486 3937; x_wconf 88' lang='lat' dir='ltr'><strong>sapientia</strong></span> <span class='ocrx_word' id='word_1_291' title='bbox 504 3867 534 3917; x_wconf 92' lang='lat' dir='ltr'><strong>et</strong></span> <span class='ocrx_word' id='word_1_292' title='bbox 553 3860 718 3918; x_wconf 85' lang='lat' dir='ltr'><strong>maturitate</strong></span> <span class='ocrx_word' id='word_1_293' title='bbox 734 3859 921 3918; x_wconf 90' lang='lat' dir='ltr'><strong>consiliorum</strong></span> <span class='ocrx_word' id='word_1_294' title='bbox 942 3861 1051 3938; x_wconf 84' lang='lat' dir='ltr'><strong>saepius</strong></span> <span class='ocrx_word' id='word_1_295' title='bbox 1069 3858 1107 3917; x_wconf 90' lang='lat' dir='ltr'><strong>ad</strong></span> <span class='ocrx_word' id='word_1_296' title='bbox 1123 3880 1223 3938; x_wconf 87' lang='lat' dir='ltr'><strong>regem</strong></span> <span class='ocrx_word' id='word_1_297' title='bbox 1234 3875 1265 3921; x_wconf 80' lang='lat'><strong>40</strong></span> 
     </span>
    </p>
   </div>
   <div class='ocr_carea' id='block_1_4' title="bbox 309 4117 1180 4191">
    <p class='ocr_par' dir='ltr' id='par_1_8' title="bbox 309 4117 1180 4191">
     <span class='ocr_line' id='line_1_42' title="bbox 309 4117 1180 4191; baseline 0.002 -21"><span class='ocrx_word' id='word_1_298' title='bbox 309 4120 327 4148; x_wconf 82' lang='lat'><strong>¹⁵</strong></span> <span class='ocrx_word' id='word_1_299' title='bbox 346 4117 506 4191; x_wconf 65' lang='lat' dir='ltr'><strong>sitammam]</strong></span> <span class='ocrx_word' id='word_1_300' title='bbox 528 4126 597 4174; x_wconf 87' lang='lat' dir='ltr'><strong>Here</strong></span> <span class='ocrx_word' id='word_1_301' title='bbox 610 4126 682 4175; x_wconf 87' lang='lat' dir='ltr'><strong>there</strong></span> <span class='ocrx_word' id='word_1_302' title='bbox 696 4141 804 4188; x_wconf 87' lang='lat' dir='ltr'><strong>appears</strong></span> <span class='ocrx_word' id='word_1_303' title='bbox 816 4131 841 4174; x_wconf 90' lang='lat' dir='ltr'><strong>to</strong></span> <span class='ocrx_word' id='word_1_304' title='bbox 855 4127 886 4174; x_wconf 90' lang='lat' dir='ltr'><strong>be</strong></span> <span class='ocrx_word' id='word_1_305' title='bbox 899 4141 931 4174; x_wconf 87' lang='lat' dir='ltr'><strong>au</strong></span> <span class='ocrx_word' id='word_1_306' title='bbox 944 4139 1015 4173; x_wconf 89' lang='lat' dir='ltr'><strong>error</strong></span> <span class='ocrx_word' id='word_1_307' title='bbox 1027 4125 1053 4172; x_wconf 91' lang='lat' dir='ltr'><strong>in</strong></span> <span class='ocrx_word' id='word_1_308' title='bbox 1067 4124 1108 4172; x_wconf 85' lang='lat' dir='ltr'><strong>the</strong></span> <span class='ocrx_word' id='word_1_309' title='bbox 1123 4123 1180 4172; x_wconf 89' lang='lat' dir='ltr'><strong>MS.</strong></span> 
     </span>
    </p>
   </div>
   <div class='ocr_carea' id='block_1_5' title="bbox 0 0 1443 4890">
    <p class='ocr_par' dir='ltr' id='par_1_9' title="bbox 0 0 1443 4890">
     <span class='ocr_line' id='line_1_43' title="bbox 0 0 1443 4890; baseline 0 0"><span class='ocrx_word' id='word_1_310' title='bbox 0 0 1443 4890; x_wconf 95' lang='lat' dir='ltr'><strong> </strong></span> 
     </span>
    </p>
   </div>
  </div>
 </body>
</html>
