2850 4890
72 1057 160 1098 Avarico
168 1061 192 1097 ol

70 1109 104 1148 the
114 1108 183 1158 clergy

72 1159 221 1211 reprehendes.

242 354 306 418 214
511 369 697 418 nrrsronn
717 367 805 417 vmv.
825 364 933 417 suns

243 533 366 615 dignus
396 531 567 595 exsistere
599 532 732 610 meruit,
759 532 894 597 dicente
924 530 1204 614 psalmographo,

242 633 387 698 ‘Moses
407 640 442 699 et
461 632 579 698 Aaron
594 635 629 698 in
646 634 885 700 sacerdotibus
903 632 990 717 ejus,
1004 639 1041 697 et
1060 633 1203 697 Samuel

243 737 416 801 intereos
442 737 501 819 qui
531 736 696 802 invocant
723 754 846 800 nomen
873 735 967 820 ejus3
992 734 1205 800 invocabant

244 837 427 901 Dominum
442 844 477 902 et
488 838 562 919 ipse
574 837 784 902 exaudiebat
795 856 867 916 eos,
880 836 916 900 in
927 837 1089 902 columna
1102 836 1205 900 nubis

243 938 449 1022 loquebatur
463 939 506 1003 ad
521 941 603 1004 eos!
1231 956 1245 998 ὁ

288 1040 351 1126 ξδ’.
374 1039 413 1103 Si
430 1048 546 1106 autem
561 1041 691 1125 aliquid
707 1040 867 1106 utilitatis
882 1039 1040 1105 fidelibus
1058 1035 1204 1103 conferri

245 1162 365 1207 manus
380 1143 609 1227 impositione,
620 1163 691 1228 qua
702 1143 849 1226 Spiritus
863 1142 1014 1207 Sanctus
1026 1140 1205 1222 accipitur,

245 1244 415 1310 credimus
430 1253 465 1309 et
479 1245 697 1326 confitemur3
719 1251 892 1310 constate
911 1241 1096 1320 contrario,
1111 1241 1204 1324 quod

245 1346 319 1411 haec
349 1345 427 1430 ipsa
454 1347 588 1411 utilitas
617 1347 679 1424 eis,
709 1348 835 1430 quibus
869 1363 991 1409 manus
1028 1341 1205 1426 impositio

246 1447 402 1527 defuerit,
422 1448 532 1514 abest.
578 1447 685 1532 Cujus
708 1447 863 1512 nimirum
885 1445 1034 1530 privatio
1054 1444 1138 1508 boni
1158 1443 1203 1507 ad
1216 1461 1245 1506 m

246 1569 335 1634 quos
356 1549 517 1632 amplius,
534 1568 638 1633 quam
661 1549 705 1613 ad
730 1549 828 1631 ipsos
851 1544 993 1630 respicit
1017 1546 1205 1623 antistites,

245 1653 305 1736 qui
328 1653 463 1716 illorum
487 1669 525 1715 se
550 1650 752 1733 promittunt
778 1668 855 1713 esse
878 1637 1056 1732 praesules,
1076 1647 1204 1732 quibus

245 1754 412 1837 spiritalis
432 1751 579 1817 officium
600 1753 808 1835 praesulatus
830 1751 990 1816 exhibere
1014 1757 1076 1815 aut
1096 1748 1205 1832 negli-

246 1863 331 1938 gunt
350 1863 410 1919 aut
430 1854 627 1937 nequeunti
672 1853 779 1938 Cujus
800 1853 906 1918 totius
925 1851 1088 1917 facinoris
1107 1851 1205 1915 nulla

245 1958 366 2039 magis,
389 1976 494 2040 quum
517 1957 665 2022 avaritia
693 1974 801 2022 causa
828 1962 892 2021 est.
937 1953 1069 2019 Contra
1099 1970 1204 2037 quam
1216 1970 1244 2015 1⁵

246 2059 427 2141 disputans
454 2059 645 2140 apostolus,
667 2059 792 2141 inquo
813 2056 969 2121 Christus
988 2056 1205 2139 loquebatur,

246 2161 372 2238 aiebat,
397 2158 540 2224 ‘Radix
565 2160 714 2223 omnium
737 2159 904 2223 malorum
923 2163 979 2222 est
999 2156 1176 2238 cupiditas
1185 2155 1205 2238 ;’

245 2270 282 2326 et
304 2280 448 2340 rursum,
475 2261 628 2345 ‘Neque
655 2260 771 2339 avari,’
795 2260 918 2344 inquit,
944 2263 1114 2341 ‘regnum
1137 2256 1205 2322 Dei

245 2363 494 2447 possidebunt?
521 2361 638 2440 Quum
650 2361 740 2426 enim
754 2361 911 2439 antistes,
921 2359 1076 2425 dictante
1087 2372 1204 2424 amore

244 2466 413 2549 pecuniae,
427 2464 591 2548 majorem
605 2463 725 2547 populi
741 2469 883 2546 partem,
901 2480 1006 2545 quam
1025 2461 1102 2525 ulla
1120 2462 1204 2527 rati·
1214 2479 1245 2525 ao

244 2586 309 2631 one
323 2587 384 2650 per
397 2575 506 2631 toturn
519 2567 600 2631 anni
612 2566 762 2649 spatium
778 2582 958 2648 peragrare
970 2561 1205 2646 praedicando,

244 2677 305 2733 aut
332 2670 475 2734 circuire
504 2668 661 2744 valuerit,
690 2667 727 2730 in
757 2684 882 2731 nomen
907 2665 962 2729 sui
991 2665 1204 2747 praesulatus

244 2769 465 2851 assumserit3
488 2769 576 2834 satis
596 2767 737 2832 exitiale
758 2775 793 2831 et
813 2768 950 2831 sibimet
968 2765 1049 2848 ipsi,
1066 2774 1105 2831 et
1123 2760 1205 2844 illis,

245 2872 369 2956 quibus
390 2870 479 2936 salso
499 2872 659 2953 praesulis
684 2870 821 2935 nomine
841 2869 1005 2951 praelatus
1025 2874 1093 2947 est,
1112 2886 1204 2934 com-

244 2975 409 3056 probatur
424 2974 629 3038 concinnare
645 2972 842 3055 periculum.
1213 2987 1244 3034 ss

72 3099 227 3150 ramesey
288 3075 350 3159 §a
374 3075 463 3139 Haec
491 3082 560 3139 tuae
588 3074 777 3150 sanctitati,
803 3072 1023 3137 dilectissime
1043 3070 1205 3148 antistes,

72 3153 104 3190 lor
115 3153 150 3192 tle
159 3164 215 3191 erec·

71 3202 114 3241 tlon
122 3205 146 3241 ol
154 3213 199 3240 new

71 3252 207 3303 bishopriclre.

244 3179 365 3260 paucis
388 3177 430 3242 de
454 3177 664 3254 calamitate,
683 3194 754 3259 qua
775 3182 894 3238 nostra
912 3192 996 3256 gens
1013 3172 1204 3237 >miserrime

243 3279 390 3355 laborat,
415 3278 608 3355 insinuans,
631 3278 772 3341 obsecro
799 3276 951 3353 sedulus,
971 3281 1010 3338 ut
1027 3273 1102 3337 haec
1123 3293 1203 3357 quae

245 3379 501 3464 perversissime
530 3379 586 3460 agi
619 3378 803 3460 conspicis,
831 3385 998 3461 quantum
1031 3375 1128 3440 vales
1158 3376 1203 3440 ad

244 3489 372 3545 rectam
387 3481 467 3545 vitae
488 3499 640 3544 normam
661 3499 822 3545 revocare
837 3478 1036 3544 contendas.
1081 3477 1204 3542 Habes
1216 3496 1247 3542 ao

245 3582 348 3659 enim,
370 3588 410 3644 ut
435 3580 549 3658 credo,
572 3581 840 3665 promtissimam
866 3587 937 3645 tarn
960 3580 1047 3663 justi
1072 3579 1203 3644 laboris

245 3683 446 3767 adjutorem,
461 3701 573 3764 regem
587 3683 749 3750 videlicet
764 3680 990 3758 Ceoluulfum,
1004 3680 1065 3762 qui
1086 3689 1122 3745 et
1138 3700 1204 3764 pro

289 3922 296 3953 ¹
316 3921 524 3993 Psulmogruplm.]
544 3928 589 3974 Ps.
602 3926 702 3978 xcix.6.
777 3921 795 3950 ¹⁸
814 3925 896 3985 Neque
907 3921 996 3984 avum]
1015 3923 1097 3971 lCor.
1107 3923 1143 3972 vi.
1153 3927 1193 3971 10.

288 3990 579 4063 ⁷Munusimpositione.]
606 3997 662 4048 Vit.
677 3999 703 4048 S.
775 3991 795 4020 ³²
812 3987 979 4059 Ceoluulfum]
1016 3992 1079 4040 This
1091 3994 1114 4040 is
1132 3993 1164 4040 he
1177 3998 1204 4041 to

246 4066 340 4114 Cuthb.
355 4068 437 4128 Capp.
450 4069 522 4115 xxix.
534 4067 616 4114 xxxii.
740 4065 821 4112 whom
839 4065 914 4113 Beda
930 4064 1068 4112 dedicated
1085 4063 1126 4112 his
1141 4063 1203 4112 His-

283 4132 300 4163 ¹⁷
318 4133 421 4204 lindio]
440 4142 452 4185 l
467 4139 532 4186 Tim.
545 4137 578 4186 vi.
594 4140 633 4185 10.
741 4136 806 4184 toria
820 4134 1026 4202 Ecclesiastica.¹
