2850 4890
241 335 307 401 152
561 350 653 398 vrri
671 350 700 399 s.
719 346 944 408 annuerem,

72 521 107 571 A.
118 521 221 573 noca
238 511 395 595 jubebat.
440 509 485 574 Et
502 511 585 593 quia
601 510 800 576 nullatenus
816 510 860 575 ad
875 508 1043 573 orandum
1058 526 1207 592 surgere,

243 632 314 676 non
328 612 430 677 facile
442 612 486 677 ad
501 613 709 697 explendum
723 613 836 677 solitae
850 610 1054 696 pselmodioe
1069 629 1206 693 cursum

243 702 394 796 linguam
418 734 581 781 vocemve
605 720 741 797 poterat
764 701 890 790 levare,
912 711 1034 776 didicit
1053 712 1107 778 vir
1128 731 1208 795 pru-

245 815 341 893 dens,
375 814 499 879 affectu
533 816 707 898 religionis
748 815 912 892 dictante,
951 832 1015 897 per
1052 813 1209 896 singulas

245 917 376 981 diumae
397 918 470 981 sive
490 924 667 981 nocturnae
686 916 853 981 orationis
872 915 986 992 boras,
1008 915 1144 998 aliquos
1164 914 1208 978 ad
1233 933 1247 976 ⁵

246 1038 284 1083 se
314 1018 472 1083 Fratrum
506 1037 645 1097 vocare,
680 1019 804 1101 quibus
839 1017 993 1100 psalmos
1021 1023 1207 1081 consuetos

246 1121 379 1185 duobus
407 1121 443 1184 in
473 1119 585 1185 eboris
614 1119 867 1197 resonantibus,
891 1118 1024 1202 etipse
1048 1137 1127 1183 cum
1155 1117 1207 1182 eis

245 1223 410 1305 quatinus
436 1229 573 1306 poterat
597 1221 789 1304 psallendo,
818 1220 911 1303 quod
939 1238 1000 1303 per
1027 1240 1066 1285 sc
1095 1219 1207 1283 solum

246 1327 458 1409 nequiverat,
473 1342 589 1388 eorum
596 1323 775 1406 juvamine
791 1322 976 1405 suppleret

288 1425 375 1510 §la
398 1424 447 1489 At
467 1425 526 1490 ubi
548 1433 692 1508 uterque
713 1425 821 1490 abbas
839 1425 992 1488 lassatus
1011 1422 1249 1487 infirmitatem

244 1529 389 1606 diutina,
398 1528 473 1611 jam
488 1547 525 1592 se
539 1528 640 1591 morti
655 1527 817 1606 vicinum,
832 1545 896 1590 nec
909 1526 1056 1608 regendo
1070 1544 1208 1590 monas-

244 1633 329 1696 terio
353 1631 513 1695 idoneum
536 1629 607 1692 fore
630 1629 834 1711 conspexit3
856 1633 957 1691 tanta
978 1646 1128 1710 namque
1146 1646 1206 1692 eos

245 1732 359 1798 adiecit
373 1731 553 1797 infirmitas
567 1730 693 1807 carnis,
707 1737 746 1792 ut
760 1728 978 1811 perficeretur
988 1728 1025 1791 in·
1036 1729 1087 1792 eis
1098 1729 1208 1793 virtus

245 1834 383 1911 Christi,
397 1840 437 1897 ut
454 1852 532 1896 cum
551 1831 701 1914 quadam
721 1829 777 1894 die
798 1829 1073 1893 desiderantibus
1091 1829 1144 1892 eis
1168 1839 1207 1894 'se

244 1935 401 2013 invicem,
413 1933 614 2016 priusquam
628 1932 671 1996 de
682 1931 747 1996 hoc
759 1931 877 1996 seculo
886 1931 1080 2013 migrarent,
1088 1930 1206 1996 videre
1218 1949 1247 1994 15

244 2043 280 2101 et
306 2034 448 2117 alloqui,
477 2033 645 2115 Sigsridus
673 2035 710 2097 in
738 2033 862 2097 feretro
893 2032 1132 2115 deportaretur
1160 2033 1205 2096 ad

244 2135 438 2200 cubiculum
458 2136 518 2199 ubi
537 2135 746 2199 Benedictus
765 2141 800 2198 et
825 2135 900 2218 ipse
924 2153 988 2197 suo
1005 2133 1149 2218 jacebat
1170 2134 1207 2198 in

245 2238 400 2320 grabato,
428 2237 546 2320 eisque
574 2255 643 2300 uno
671 2237 706 2299 in
734 2235 812 2300 loco
841 2236 1072 2298 ministrorum
1102 2255 1207 2300 manu

244 2337 457 2420 compositis,
486 2346 592 2421 caput
623 2339 801 2422 utriusque
829 2338 866 2401 in
897 2338 1017 2402 eodem
1045 2339 1208 2404 cervicali

243 2440 423 2516 locaretur,
442 2438 648 2503 lacrimabili
673 2438 883 2521 spectaculo,
902 2458 966 2503 nec
986 2446 1122 2503 tantum
1144 2439 1249 2504 ha·ao

243 2542 347 2606 buere
361 2541 494 2619 virium,
505 2549 544 2605 ut
558 2541 699 2624 propius
713 2541 830 2624 posita
843 2559 904 2604 ora
919 2539 963 2603 ad
978 2540 1207 2604 osculandum

244 2661 282 2707 sc
301 2642 501 2706 alterutrum
521 2641 725 2724 conjungere
744 2650 898 2724 possent,
918 2642 979 2706 sed
999 2650 1035 2707 et
1051 2642 1117 2708 boc
1138 2643 1207 2708 sra-

243 2752 340 2808 terno
358 2743 615 2826 compleverunt
630 2742 750 2809 officio.
794 2743 887 2809 Inito
902 2744 1115 2811 Benedictus
1129 2765 1207 2812 cum

244 2865 296 2924 eo,
321 2866 466 2930 cumque
494 2847 664 2912 universis
695 2847 872 2913 Fratribus
897 2846 1026 2912 salubri
1051 2848 1208 2928 consilio,

244 2948 348 3013 acciit
363 2950 523 3013 abbatem
538 2948 757 3027 Ceoliridum,
773 2968 873 3032 quem
887 2950 1098 3013 monasterio
1112 2950 1247 3014 beatiss

244 3050 347 3115 Pauli
359 3051 522 3135 Apostoli
536 3050 747 3134 praefecerat,
757 3053 868 3117 virum
879 3051 1042 3117 videlicet
1055 3051 1122 3114 sibi
1138 3070 1207 3116 nou

243 3160 315 3216 tam
330 3152 444 3216 carnis
459 3151 723 3230 necessitudine,
738 3172 842 3236 quam
856 3154 1021 3218 virtutum
1039 3154 1207 3218 societate

241 3253 489 3336 propinquum3
512 3260 547 3316 et
573 3272 650 3315 eum
675 3254 810 3337 utrique
833 3253 1051 3330 monasterio,
1071 3256 1205 3320 cunctis

242 3353 440 3418 faventibus
462 3360 567 3436 atque
581 3353 646 3417 boc
661 3356 843 3420 utillimum
853 3356 1103 3439 judicantibus,
1117 3377 1207 3441 pree-

243 3454 362 3537 posuit
382 3453 544 3533 Patrem;
568 3455 704 3519 salubre
723 3465 820 3521 ratus
839 3477 901 3540 per
921 3459 1037 3522 omnia
1058 3458 1104 3523 ad
1126 3477 1248 3524 con-so

244 3556 448 3620 servandam
468 3575 600 3638 paoem,
614 3555 794 3636 unitatem,
809 3558 1095 3642 concordiamque
1112 3560 1207 3625 loco-

242 3676 329 3735 rum,
344 3658 374 3721 si
392 3676 498 3720 unum
517 3666 682 3740 perpetuo
700 3659 841 3724 Patrem
859 3669 1092 3744 rectoremque
1114 3669 1209 3728 tene·

242 3766 336 3839 rent;
364 3777 630 3823 commemorans
656 3763 784 3843 saepius
813 3761 998 3827 Israelitici
1023 3764 1119 3846 regni
1144 3784 1206 3828 ex-

243 3861 403 3945 emplum,
439 3861 528 3945 qnod
567 3861 867 3929 inexterminabile
903 3883 1038 3946 semper
1073 3867 1202 3930 exteris

243 3964 452 4040 nationibus,
485 3964 759 4049 inviolatumque
796 3965 1004 4050 perduravit,
1039 3968 1244 4050 quamdiuee

242 4065 321 4129 uuis
347 4064 537 4148 iisdemque
558 4086 630 4130 suae
655 4069 766 4150 gentis
790 4071 972 4150 regebatur
994 4089 1016 4134 a
1039 4070 1202 4152 ducibus;

243 4177 280 4233 ut
294 4175 479 4253 postquam
492 4169 758 4254 praecedentium
776 4189 885 4236 causa
902 4177 1123 4257 peccatorum
1137 4171 1203 4236 ini·
