<?xml version="1.0" encoding="UTF-8"?>
<!DOCTYPE html PUBLIC "-//W3C//DTD XHTML 1.0 Transitional//EN"
    "http://www.w3.org/TR/xhtml1/DTD/xhtml1-transitional.dtd">
<html xmlns="http://www.w3.org/1999/xhtml" xml:lang="en" lang="en">
 <head>
  <title>
</title>
<meta http-equiv="Content-Type" content="text/html;charset=utf-8" />
  <meta name='ocr-system' content='tesseract 3.04.00' />
  <meta name='ocr-capabilities' content='ocr_page ocr_carea ocr_par ocr_line ocrx_word'/>
</head>
<body>
  <div class='ocr_page' id='page_1' title='image "./venerabilisbeda00bedegoog_0148.png"; bbox 0 0 2850 4890; ppageno 0'>
   <div class='ocr_carea' id='block_1_1' title="bbox 443 350 1136 422">
    <p class='ocr_par' dir='ltr' id='par_1_1' title="bbox 443 350 1136 422">
     <span class='ocr_line' id='line_1_1' title="bbox 443 350 1136 422; baseline -0.013 0"><span class='ocrx_word' id='word_1_1' title='bbox 443 372 625 422; x_wconf 64' lang='lat' dir='ltr'><strong>lucrans</strong></span> <span class='ocrx_word' id='word_1_2' title='bbox 642 371 732 420; x_wconf 85' lang='lat' dir='ltr'><strong>vnu.</strong></span> <span class='ocrx_word' id='word_1_3' title='bbox 751 370 862 418; x_wconf 76' lang='lat' dir='ltr'><strong>nunu.</strong></span> <span class='ocrx_word' id='word_1_4' title='bbox 1071 350 1136 414; x_wconf 74' lang='lat'><strong>127</strong></span> 
     </span>
    </p>
   </div>
   <div class='ocr_carea' id='block_1_2' title="bbox 512 662 799 729">
    <p class='ocr_par' dir='ltr' id='par_1_2' title="bbox 512 662 799 729">
     <span class='ocr_line' id='line_1_2' title="bbox 512 662 799 729; baseline 0 -1"><span class='ocrx_word' id='word_1_5' title='bbox 512 663 674 729; x_wconf 84' lang='lat' dir='ltr'><strong>CAPUT</strong></span> <span class='ocrx_word' id='word_1_6' title='bbox 697 662 799 728; x_wconf 86' lang='lat' dir='ltr'><strong>XLI.</strong></span> 
     </span>
    </p>
   </div>
   <div class='ocr_carea' id='block_1_3' title="bbox 180 830 1136 1023">
    <p class='ocr_par' dir='ltr' id='par_1_3' title="bbox 180 830 1136 1023">
     <span class='ocr_line' id='line_1_3' title="bbox 180 830 1136 920; baseline -0.006 -18"><span class='ocrx_word' id='word_1_7' title='bbox 180 830 340 902; x_wconf 80' lang='lat' dir='ltr'><em>Quomodo</em></span> <span class='ocrx_word' id='word_1_8' title='bbox 348 857 431 920; x_wconf 87' lang='lat' dir='ltr'><strong>paor</strong></span> <span class='ocrx_word' id='word_1_9' title='bbox 445 834 651 898; x_wconf 79' lang='lat' dir='ltr'><strong>doemoaiocas</strong></span> <span class='ocrx_word' id='word_1_10' title='bbox 661 836 705 899; x_wconf 83' lang='lat' dir='ltr'><strong>sit</strong></span> <span class='ocrx_word' id='word_1_11' title='bbox 720 833 820 912; x_wconf 79' lang='lat' dir='ltr'><strong>lamo,</strong></span> <span class='ocrx_word' id='word_1_12' title='bbox 832 834 883 897; x_wconf 81' lang='lat' dir='ltr'><strong>cui</strong></span> <span class='ocrx_word' id='word_1_13' title='bbox 897 832 1055 897; x_wconf 80' lang='lat' dir='ltr'><strong><em>lavacrum</em></strong></span> <span class='ocrx_word' id='word_1_14' title='bbox 1069 855 1136 897; x_wconf 91' lang='lat' dir='ltr'><strong>cor-</strong></span> 
     </span>
     <span class='ocr_line' id='line_1_4' title="bbox 236 930 1066 1023; baseline -0.004 -23"><span class='ocrx_word' id='word_1_15' title='bbox 236 930 328 1022; x_wconf 80' lang='lat' dir='ltr'><strong>poris</strong></span> <span class='ocrx_word' id='word_1_16' title='bbox 342 936 408 1023; x_wconf 52' lang='lat' dir='ltr'><strong>aas</strong></span> <span class='ocrx_word' id='word_1_17' title='bbox 422 935 559 1022; x_wconf 82' lang='lat' dir='ltr'><strong>infusam</strong></span> <span class='ocrx_word' id='word_1_18' title='bbox 573 946 630 1013; x_wconf 87' lang='lat' dir='ltr'><strong>ost,</strong></span> <span class='ocrx_word' id='word_1_19' title='bbox 644 937 679 999; x_wconf 84' lang='lat' dir='ltr'><strong>ic</strong></span> <span class='ocrx_word' id='word_1_20' title='bbox 693 956 807 1022; x_wconf 72' lang='lat' dir='ltr'><strong>oquom</strong></span> <span class='ocrx_word' id='word_1_21' title='bbox 821 935 914 998; x_wconf 82' lang='lat' dir='ltr'><strong>missa</strong></span> <span class='ocrx_word' id='word_1_22' title='bbox 928 945 1066 998; x_wconf 79' lang='lat' dir='ltr'><strong>conotus.</strong></span> 
     </span>
    </p>
   </div>
   <div class='ocr_carea' id='block_1_4' title="bbox 139 1136 1303 3853">
    <p class='ocr_par' dir='ltr' id='par_1_4' title="bbox 139 1136 1303 3853">
     <span class='ocr_line' id='line_1_5' title="bbox 180 1136 1303 1222; baseline -0.006 -18"><span class='ocrx_word' id='word_1_23' title='bbox 180 1139 265 1222; x_wconf 81' lang='lat'><strong>§69.</strong></span> <span class='ocrx_word' id='word_1_24' title='bbox 303 1139 380 1204; x_wconf 79' lang='lat' dir='ltr'><strong>Snn</strong></span> <span class='ocrx_word' id='word_1_25' title='bbox 400 1159 464 1204; x_wconf 89' lang='lat' dir='ltr'><strong>nec</strong></span> <span class='ocrx_word' id='word_1_26' title='bbox 487 1139 648 1203; x_wconf 86' lang='lat' dir='ltr'><strong>defuncto</strong></span> <span class='ocrx_word' id='word_1_27' title='bbox 675 1158 717 1202; x_wconf 90' lang='lat' dir='ltr'><strong>ac</strong></span> <span class='ocrx_word' id='word_1_28' title='bbox 736 1137 905 1203; x_wconf 89' lang='lat' dir='ltr'><strong>tumulato</strong></span> <span class='ocrx_word' id='word_1_29' title='bbox 937 1137 1064 1202; x_wconf 86' lang='lat' dir='ltr'><strong>Christi</strong></span> <span class='ocrx_word' id='word_1_30' title='bbox 1088 1136 1139 1202; x_wconf 83' lang='lat' dir='ltr'><strong>la·</strong></span> <span class='ocrx_word' id='word_1_31' title='bbox 1156 1149 1190 1200; x_wconf 89' lang='grc' dir='ltr'><strong>Α.</strong></span> <span class='ocrx_word' id='word_1_32' title='bbox 1205 1150 1303 1199; x_wconf 79' lang='lat' dir='ltr'><strong>noer.</strong></span> 
     </span>
     <span class='ocr_line' id='line_1_6' title="bbox 150 1217 1299 1358; baseline 0.005 -57"><span class='ocrx_word' id='word_1_33' title='bbox 150 1240 285 1317; x_wconf 75' lang='lat' dir='ltr'><strong>amulo,</strong></span> <span class='ocrx_word' id='word_1_34' title='bbox 313 1240 411 1321; x_wconf 81' lang='lat' dir='ltr'><strong>signa</strong></span> <span class='ocrx_word' id='word_1_35' title='bbox 437 1240 638 1318; x_wconf 86' lang='lat' dir='ltr'><strong>sanitatum,</strong></span> <span class='ocrx_word' id='word_1_36' title='bbox 666 1259 745 1323; x_wconf 88' lang='lat' dir='ltr'><strong>quae</strong></span> <span class='ocrx_word' id='word_1_37' title='bbox 776 1239 897 1304; x_wconf 84' lang='lat' dir='ltr'><strong>vivens</strong></span> <span class='ocrx_word' id='word_1_38' title='bbox 926 1217 1176 1358; x_wconf 42' lang='lat' dir='ltr'><strong>exercuerat?A</strong></span> <span class='ocrx_word' id='word_1_39' title='bbox 1169 1218 1299 1316; x_wconf 46' lang='lat' dir='ltr'><strong>..illyrii</strong></span> 
     </span>
     <span class='ocr_line' id='line_1_7' title="bbox 180 1321 1265 1423; baseline 0 -21"><span class='ocrx_word' id='word_1_40' title='bbox 180 1358 317 1404; x_wconf 82' lang='lat' dir='ltr'><strong>cessare</strong></span> <span class='ocrx_word' id='word_1_41' title='bbox 328 1346 522 1423; x_wconf 88' lang='lat' dir='ltr'><strong>potuerunt</strong></span> <span class='ocrx_word' id='word_1_42' title='bbox 556 1339 709 1422; x_wconf 79' lang='lat' dir='ltr'><strong>conugu</strong></span> <span class='ocrx_word' id='word_1_43' title='bbox 718 1359 866 1423; x_wconf 91' lang='lat' dir='ltr'><strong>namque</strong></span> <span class='ocrx_word' id='word_1_44' title='bbox 877 1358 1018 1423; x_wconf 89' lang='lat' dir='ltr'><strong>puerum</strong></span> <span class='ocrx_word' id='word_1_45' title='bbox 1032 1331 1162 1423; x_wconf 91' lang='lat' dir='ltr'><strong>quen-¹</strong></span> <span class='ocrx_word' id='word_1_46' title='bbox 1164 1321 1232 1358; x_wconf 69' lang='lat'>”⁶⁰²⁰</span> <span class='ocrx_word' id='word_1_47' title='bbox 1233 1330 1265 1359; x_wconf 71' lang='lat'><strong>‘⁰‘</strong></span> 
     </span>
     <span class='ocr_line' id='line_1_8' title="bbox 178 1440 1139 1519; baseline 0 -16"><span class='ocrx_word' id='word_1_48' title='bbox 178 1440 297 1504; x_wconf 92' lang='lat' dir='ltr'><strong>dam</strong></span> <span class='ocrx_word' id='word_1_49' title='bbox 287 1461 324 1504; x_wconf 86' lang='lat' dir='ltr'><strong>rn</strong></span> <span class='ocrx_word' id='word_1_50' title='bbox 351 1442 520 1506; x_wconf 89' lang='lat' dir='ltr'><strong>territorio</strong></span> <span class='ocrx_word' id='word_1_51' title='bbox 553 1440 895 1519; x_wconf 78' lang='lat' dir='ltr'><strong>lindisfarnensium,</strong></span> <span class='ocrx_word' id='word_1_52' title='bbox 924 1441 1139 1505; x_wconf 87' lang='lat' dir='ltr'><strong>atrocissimo</strong></span> 
     </span>
     <span class='ocr_line' id='line_1_9' title="bbox 180 1540 1138 1621; baseline 0 -17"><span class='ocrx_word' id='word_1_53' title='bbox 180 1540 336 1606; x_wconf 89' lang='lat' dir='ltr'><strong>daemone</strong></span> <span class='ocrx_word' id='word_1_54' title='bbox 363 1543 496 1621; x_wconf 82' lang='lat' dir='ltr'><strong>vexari,</strong></span> <span class='ocrx_word' id='word_1_55' title='bbox 523 1543 574 1607; x_wconf 93' lang='lat' dir='ltr'><strong>ita</strong></span> <span class='ocrx_word' id='word_1_56' title='bbox 600 1548 640 1606; x_wconf 91' lang='lat' dir='ltr'><strong>ut</strong></span> <span class='ocrx_word' id='word_1_57' title='bbox 671 1561 775 1606; x_wconf 91' lang='lat' dir='ltr'><strong>sensu</strong></span> <span class='ocrx_word' id='word_1_58' title='bbox 807 1542 950 1605; x_wconf 88' lang='lat' dir='ltr'><strong>rationis</strong></span> <span class='ocrx_word' id='word_1_59' title='bbox 984 1540 1138 1605; x_wconf 83' lang='lat' dir='ltr'><strong>funditus</strong></span> 
     </span>
     <span class='ocr_line' id='line_1_10' title="bbox 181 1641 1139 1727; baseline -0.001 -21"><span class='ocrx_word' id='word_1_60' title='bbox 181 1643 310 1706; x_wconf 87' lang='lat' dir='ltr'><strong>amisso</strong></span> <span class='ocrx_word' id='word_1_61' title='bbox 331 1643 506 1721; x_wconf 89' lang='lat' dir='ltr'><strong>clamaret,</strong></span> <span class='ocrx_word' id='word_1_62' title='bbox 520 1643 676 1727; x_wconf 82' lang='lat' dir='ltr'>ejularet,</span> <span class='ocrx_word' id='word_1_63' title='bbox 691 1649 727 1707; x_wconf 94' lang='lat' dir='ltr'><strong>et</strong></span> <span class='ocrx_word' id='word_1_64' title='bbox 746 1642 801 1708; x_wconf 82' lang='lat' dir='ltr'><strong>vel</strong></span> <span class='ocrx_word' id='word_1_65' title='bbox 822 1662 886 1706; x_wconf 91' lang='lat' dir='ltr'><strong>sua</strong></span> <span class='ocrx_word' id='word_1_66' title='bbox 904 1642 1064 1718; x_wconf 88' lang='lat' dir='ltr'><strong>membra,</strong></span> <span class='ocrx_word' id='word_1_67' title='bbox 1084 1641 1139 1706; x_wconf 90' lang='lat' dir='ltr'><strong>vel</strong></span> 
     </span>
     <span class='ocr_line' id='line_1_11' title="bbox 139 1743 1138 1827; baseline -0.001 -21"><span class='ocrx_word' id='word_1_68' title='bbox 139 1744 348 1827; x_wconf 84' lang='lat' dir='ltr'><strong>roquicquid</strong></span> <span class='ocrx_word' id='word_1_69' title='bbox 384 1745 551 1826; x_wconf 85' lang='lat' dir='ltr'><strong>attingere</strong></span> <span class='ocrx_word' id='word_1_70' title='bbox 590 1751 722 1827; x_wconf 90' lang='lat' dir='ltr'><strong>posset,</strong></span> <span class='ocrx_word' id='word_1_71' title='bbox 763 1744 934 1807; x_wconf 87' lang='lat' dir='ltr'>morsibus</span> <span class='ocrx_word' id='word_1_72' title='bbox 972 1743 1138 1807; x_wconf 88' lang='lat' dir='ltr'><strong>dilaniare</strong></span> 
     </span>
     <span class='ocr_line' id='line_1_12' title="bbox 181 1844 1140 1928; baseline -0.002 -18"><span class='ocrx_word' id='word_1_73' title='bbox 181 1846 357 1910; x_wconf 87' lang='lat' dir='ltr'><strong>niteretur.</strong></span> <span class='ocrx_word' id='word_1_74' title='bbox 401 1844 533 1910; x_wconf 88' lang='lat' dir='ltr'><strong>Missus</strong></span> <span class='ocrx_word' id='word_1_75' title='bbox 553 1845 669 1909; x_wconf 86' lang='lat' dir='ltr'><strong>estad</strong></span> <span class='ocrx_word' id='word_1_76' title='bbox 687 1864 947 1927; x_wconf 81' lang='lat' dir='ltr'><strong>energumenum</strong></span> <span class='ocrx_word' id='word_1_77' title='bbox 962 1846 1140 1928; x_wconf 84' lang='lat' dir='ltr'><strong>presbyter</strong></span> 
     </span>
     <span class='ocr_line' id='line_1_13' title="bbox 183 1947 1139 2029; baseline -0.001 -19"><span class='ocrx_word' id='word_1_78' title='bbox 183 1947 226 2010; x_wconf 91' lang='lat' dir='ltr'><strong>de</strong></span> <span class='ocrx_word' id='word_1_79' title='bbox 240 1947 469 2028; x_wconf 82' lang='lat' dir='ltr'><strong>monasteri03</strong></span> <span class='ocrx_word' id='word_1_80' title='bbox 492 1947 552 2029; x_wconf 91' lang='lat' dir='ltr'><strong>qui</strong></span> <span class='ocrx_word' id='word_1_81' title='bbox 578 1966 656 2010; x_wconf 92' lang='lat' dir='ltr'><strong>cum</strong></span> <span class='ocrx_word' id='word_1_82' title='bbox 674 1947 797 2010; x_wconf 91' lang='lat' dir='ltr'><strong>solitus</strong></span> <span class='ocrx_word' id='word_1_83' title='bbox 819 1947 944 2010; x_wconf 84' lang='lat' dir='ltr'><strong>fuisset</strong></span> <span class='ocrx_word' id='word_1_84' title='bbox 962 1965 1024 2029; x_wconf 88' lang='lat' dir='ltr'><strong>per</strong></span> <span class='ocrx_word' id='word_1_85' title='bbox 1041 1966 1139 2010; x_wconf 87' lang='lat' dir='ltr'><strong>exor-</strong></span> 
     </span>
     <span class='ocr_line' id='line_1_14' title="bbox 182 2046 1141 2130; baseline -0.003 -19"><span class='ocrx_word' id='word_1_86' title='bbox 182 2046 282 2111; x_wconf 90' lang='lat' dir='ltr'><strong>oismi</strong></span> <span class='ocrx_word' id='word_1_87' title='bbox 292 2047 435 2129; x_wconf 86' lang='lat' dir='ltr'><strong>gratiam</strong></span> <span class='ocrx_word' id='word_1_88' title='bbox 446 2047 639 2111; x_wconf 91' lang='lat' dir='ltr'><strong>immundos</strong></span> <span class='ocrx_word' id='word_1_89' title='bbox 650 2047 767 2128; x_wconf 85' lang='lat' dir='ltr'><strong>fugare</strong></span> <span class='ocrx_word' id='word_1_90' title='bbox 777 2047 928 2130; x_wconf 88' lang='lat' dir='ltr'><strong>spiritus,</strong></span> <span class='ocrx_word' id='word_1_91' title='bbox 938 2046 1016 2110; x_wconf 88' lang='lat' dir='ltr'><strong>huio</strong></span> <span class='ocrx_word' id='word_1_92' title='bbox 1025 2053 1141 2111; x_wconf 88' lang='lat' dir='ltr'><strong>tamen</strong></span> 
     </span>
     <span class='ocr_line' id='line_1_15' title="bbox 183 2148 1141 2230; baseline 0 -19"><span class='ocrx_word' id='word_1_93' title='bbox 183 2149 328 2212; x_wconf 88' lang='lat' dir='ltr'><strong>obsesso</strong></span> <span class='ocrx_word' id='word_1_94' title='bbox 349 2148 513 2230; x_wconf 86' lang='lat' dir='ltr'><strong>prodesse</strong></span> <span class='ocrx_word' id='word_1_95' title='bbox 533 2148 582 2211; x_wconf 91' lang='lat' dir='ltr'><strong>nil</strong></span> <span class='ocrx_word' id='word_1_96' title='bbox 601 2167 743 2230; x_wconf 88' lang='lat' dir='ltr'><strong>prorsus</strong></span> <span class='ocrx_word' id='word_1_97' title='bbox 761 2148 920 2229; x_wconf 81' lang='lat' dir='ltr'><strong>valebat3</strong></span> <span class='ocrx_word' id='word_1_98' title='bbox 940 2148 1032 2212; x_wconf 91' lang='lat' dir='ltr'><strong>unde</strong></span> <span class='ocrx_word' id='word_1_99' title='bbox 1047 2148 1141 2212; x_wconf 90' lang='lat' dir='ltr'><strong>dedit</strong></span> 
     </span>
     <span class='ocr_line' id='line_1_16' title="bbox 142 2247 1142 2332; baseline -0.001 -19"><span class='ocrx_word' id='word_1_100' title='bbox 142 2269 172 2313; x_wconf 73' lang='grc' dir='ltr'><strong>ιε</strong></span> <span class='ocrx_word' id='word_1_101' title='bbox 185 2248 367 2313; x_wconf 89' lang='lat' dir='ltr'><strong>consilium</strong></span> <span class='ocrx_word' id='word_1_102' title='bbox 381 2249 472 2332; x_wconf 91' lang='lat' dir='ltr'><strong>patri</strong></span> <span class='ocrx_word' id='word_1_103' title='bbox 486 2247 590 2326; x_wconf 91' lang='lat' dir='ltr'><strong>illius,</strong></span> <span class='ocrx_word' id='word_1_104' title='bbox 603 2254 642 2312; x_wconf 91' lang='lat' dir='ltr'><strong>ut</strong></span> <span class='ocrx_word' id='word_1_105' title='bbox 662 2249 861 2330; x_wconf 88' lang='lat' dir='ltr'><strong>impositum</strong></span> <span class='ocrx_word' id='word_1_106' title='bbox 883 2268 979 2313; x_wconf 90' lang='lat' dir='ltr'><strong>carro</strong></span> <span class='ocrx_word' id='word_1_107' title='bbox 998 2269 1142 2331; x_wconf 90' lang='lat' dir='ltr'><strong>puerum</strong></span> 
     </span>
     <span class='ocr_line' id='line_1_17' title="bbox 186 2349 1142 2434; baseline 0.001 -20"><span class='ocrx_word' id='word_1_108' title='bbox 186 2349 232 2414; x_wconf 88' lang='lat' dir='ltr'><strong>ad</strong></span> <span class='ocrx_word' id='word_1_109' title='bbox 246 2350 493 2415; x_wconf 87' lang='lat' dir='ltr'><strong>monasterium</strong></span> <span class='ocrx_word' id='word_1_110' title='bbox 513 2349 668 2429; x_wconf 87' lang='lat' dir='ltr'><strong>deferret,</strong></span> <span class='ocrx_word' id='word_1_111' title='bbox 681 2357 787 2434; x_wconf 88' lang='lat' dir='ltr'><strong>atque</strong></span> <span class='ocrx_word' id='word_1_112' title='bbox 809 2351 854 2415; x_wconf 88' lang='lat' dir='ltr'><strong>ad</strong></span> <span class='ocrx_word' id='word_1_113' title='bbox 876 2351 1041 2434; x_wconf 80' lang='lat' dir='ltr'><strong>reliquias</strong></span> <span class='ocrx_word' id='word_1_114' title='bbox 1061 2352 1142 2415; x_wconf 91' lang='lat' dir='ltr'><strong>bea-</strong></span> 
     </span>
     <span class='ocr_line' id='line_1_18' title="bbox 186 2452 1142 2536; baseline 0 -20"><span class='ocrx_word' id='word_1_115' title='bbox 186 2458 299 2516; x_wconf 90' lang='lat' dir='ltr'><strong>torum</strong></span> <span class='ocrx_word' id='word_1_116' title='bbox 313 2458 602 2535; x_wconf 72' lang='lat' dir='ltr'><strong>martyrumque</strong></span> <span class='ocrx_word' id='word_1_117' title='bbox 622 2453 670 2517; x_wconf 92' lang='lat' dir='ltr'><strong>ibi</strong></span> <span class='ocrx_word' id='word_1_118' title='bbox 691 2459 783 2531; x_wconf 88' lang='lat' dir='ltr'><strong>sunt,</strong></span> <span class='ocrx_word' id='word_1_119' title='bbox 797 2453 984 2518; x_wconf 90' lang='lat' dir='ltr'><strong>Dominum</strong></span> <span class='ocrx_word' id='word_1_120' title='bbox 1001 2472 1062 2536; x_wconf 91' lang='lat' dir='ltr'><strong>pro</strong></span> <span class='ocrx_word' id='word_1_121' title='bbox 1081 2452 1142 2517; x_wconf 92' lang='lat' dir='ltr'><strong>illo</strong></span> 
     </span>
     <span class='ocr_line' id='line_1_19' title="bbox 186 2553 1144 2637; baseline -0.002 -18"><span class='ocrx_word' id='word_1_122' title='bbox 186 2559 392 2637; x_wconf 84' lang='lat' dir='ltr'><strong>precaretur.</strong></span> <span class='ocrx_word' id='word_1_123' title='bbox 430 2553 537 2632; x_wconf 89' lang='lat' dir='ltr'><strong>Fecit,</strong></span> <span class='ocrx_word' id='word_1_124' title='bbox 547 2561 586 2618; x_wconf 91' lang='lat' dir='ltr'><strong>ut</strong></span> <span class='ocrx_word' id='word_1_125' title='bbox 595 2561 792 2635; x_wconf 85' lang='lat' dir='ltr'><strong>monuerat3</strong></span> <span class='ocrx_word' id='word_1_126' title='bbox 810 2555 871 2620; x_wconf 89' lang='lat' dir='ltr'><strong>sed</strong></span> <span class='ocrx_word' id='word_1_127' title='bbox 882 2555 1020 2619; x_wconf 91' lang='lat' dir='ltr'><strong>noluere</strong></span> <span class='ocrx_word' id='word_1_128' title='bbox 1031 2553 1144 2618; x_wconf 87' lang='lat' dir='ltr'><strong>sancti</strong></span> 
     </span>
     <span class='ocr_line' id='line_1_20' title="bbox 188 2653 1143 2738; baseline 0 -20"><span class='ocrx_word' id='word_1_129' title='bbox 188 2653 256 2718; x_wconf 87' lang='lat' dir='ltr'><strong>Dei</strong></span> <span class='ocrx_word' id='word_1_130' title='bbox 282 2662 451 2738; x_wconf 86' lang='lat' dir='ltr'><strong>martyres</strong></span> <span class='ocrx_word' id='word_1_131' title='bbox 478 2655 511 2719; x_wconf 93' lang='lat' dir='ltr'><strong>ei</strong></span> <span class='ocrx_word' id='word_1_132' title='bbox 539 2657 683 2738; x_wconf 85' lang='lat' dir='ltr'><strong>petitam</strong></span> <span class='ocrx_word' id='word_1_133' title='bbox 712 2656 854 2722; x_wconf 91' lang='lat' dir='ltr'><strong>reddere</strong></span> <span class='ocrx_word' id='word_1_134' title='bbox 881 2658 1075 2733; x_wconf 87' lang='lat' dir='ltr'><strong>sanitatem,</strong></span> <span class='ocrx_word' id='word_1_135' title='bbox 1104 2662 1143 2719; x_wconf 93' lang='lat' dir='ltr'><strong>ut</strong></span> 
     </span>
     <span class='ocr_line' id='line_1_21' title="bbox 142 2756 1143 2839; baseline 0 -19"><span class='ocrx_word' id='word_1_136' title='bbox 142 2775 176 2820; x_wconf 78' lang='lat' dir='ltr'><strong>ac</strong></span> <span class='ocrx_word' id='word_1_137' title='bbox 187 2775 293 2839; x_wconf 90' lang='lat' dir='ltr'><strong>quam</strong></span> <span class='ocrx_word' id='word_1_138' title='bbox 310 2756 440 2822; x_wconf 89' lang='lat' dir='ltr'><strong>celsum</strong></span> <span class='ocrx_word' id='word_1_139' title='bbox 459 2756 548 2821; x_wconf 91' lang='lat' dir='ltr'><strong>inter</strong></span> <span class='ocrx_word' id='word_1_140' title='bbox 565 2777 603 2822; x_wconf 89' lang='lat' dir='ltr'><strong>se</strong></span> <span class='ocrx_word' id='word_1_141' title='bbox 623 2758 736 2822; x_wconf 89' lang='lat' dir='ltr'><strong>locum</strong></span> <span class='ocrx_word' id='word_1_142' title='bbox 755 2759 967 2824; x_wconf 79' lang='lat' dir='ltr'><strong>cudberctus</strong></span> <span class='ocrx_word' id='word_1_143' title='bbox 992 2757 1143 2834; x_wconf 85' lang='lat' dir='ltr'><strong>haberet,</strong></span> 
     </span>
     <span class='ocr_line' id='line_1_22' title="bbox 187 2856 1144 2941; baseline 0.002 -21"><span class='ocrx_word' id='word_1_144' title='bbox 187 2856 419 2921; x_wconf 90' lang='lat' dir='ltr'><strong>ostenderent.</strong></span> <span class='ocrx_word' id='word_1_145' title='bbox 470 2857 557 2922; x_wconf 88' lang='lat' dir='ltr'><strong>Cum</strong></span> <span class='ocrx_word' id='word_1_146' title='bbox 582 2878 662 2941; x_wconf 83' lang='lat' dir='ltr'><strong>ergo</strong></span> <span class='ocrx_word' id='word_1_147' title='bbox 683 2860 827 2925; x_wconf 88' lang='lat' dir='ltr'><strong>insanus</strong></span> <span class='ocrx_word' id='word_1_148' title='bbox 850 2859 1025 2937; x_wconf 75' lang='lat' dir='ltr'><strong>mulcedo,</strong></span> <span class='ocrx_word' id='word_1_149' title='bbox 1049 2859 1144 2941; x_wconf 87' lang='lat' dir='ltr'><strong>inge-</strong></span> 
     </span>
     <span class='ocr_line' id='line_1_23' title="bbox 187 2957 1144 3035; baseline 0.001 -14"><span class='ocrx_word' id='word_1_150' title='bbox 187 2957 372 3035; x_wconf 89' lang='lat' dir='ltr'><strong>miscendo,</strong></span> <span class='ocrx_word' id='word_1_151' title='bbox 388 2964 424 3022; x_wconf 90' lang='lat' dir='ltr'><strong>et</strong></span> <span class='ocrx_word' id='word_1_152' title='bbox 437 2958 624 3023; x_wconf 85' lang='lat' dir='ltr'><strong>frendendo</strong></span> <span class='ocrx_word' id='word_1_153' title='bbox 643 2961 802 3026; x_wconf 87' lang='lat' dir='ltr'><strong>dentibus</strong></span> <span class='ocrx_word' id='word_1_154' title='bbox 820 2961 925 3025; x_wconf 91' lang='lat' dir='ltr'><strong>nimio</strong></span> <span class='ocrx_word' id='word_1_155' title='bbox 944 2966 1144 3025; x_wconf 88' lang='lat' dir='ltr'><strong>cunctorum</strong></span> 
     </span>
     <span class='ocr_line' id='line_1_24' title="bbox 190 3059 1146 3144; baseline -0.001 -20"><span class='ocrx_word' id='word_1_156' title='bbox 190 3059 286 3124; x_wconf 86' lang='lat' dir='ltr'><strong>visus</strong></span> <span class='ocrx_word' id='word_1_157' title='bbox 305 3066 341 3124; x_wconf 90' lang='lat' dir='ltr'><strong>et</strong></span> <span class='ocrx_word' id='word_1_158' title='bbox 360 3059 499 3125; x_wconf 89' lang='lat' dir='ltr'><strong>auditus</strong></span> <span class='ocrx_word' id='word_1_159' title='bbox 514 3061 650 3127; x_wconf 89' lang='lat' dir='ltr'><strong>horrore</strong></span> <span class='ocrx_word' id='word_1_160' title='bbox 664 3069 872 3141; x_wconf 85' lang='lat' dir='ltr'><strong>concuteret,</strong></span> <span class='ocrx_word' id='word_1_161' title='bbox 886 3082 950 3127; x_wconf 93' lang='lat' dir='ltr'><strong>nec</strong></span> <span class='ocrx_word' id='word_1_162' title='bbox 968 3068 1071 3137; x_wconf 90' lang='lat' dir='ltr'><strong>esset,</strong></span> <span class='ocrx_word' id='word_1_163' title='bbox 1086 3061 1146 3144; x_wconf 92' lang='lat' dir='ltr'><strong>qui</strong></span> 
     </span>
     <span class='ocr_line' id='line_1_25' title="bbox 190 3160 1146 3246; baseline 0 -21"><span class='ocrx_word' id='word_1_164' title='bbox 190 3160 331 3244; x_wconf 82' lang='lat' dir='ltr'><strong>aliquod</strong></span> <span class='ocrx_word' id='word_1_165' title='bbox 355 3162 496 3226; x_wconf 88' lang='lat' dir='ltr'><strong>remedii</strong></span> <span class='ocrx_word' id='word_1_166' title='bbox 522 3182 628 3244; x_wconf 85' lang='lat' dir='ltr'><strong>genus</strong></span> <span class='ocrx_word' id='word_1_167' title='bbox 654 3165 849 3246; x_wconf 82' lang='lat' dir='ltr'><strong>excogitare</strong></span> <span class='ocrx_word' id='word_1_168' title='bbox 874 3163 1053 3246; x_wconf 85' lang='lat' dir='ltr'><strong>quivisset,</strong></span> <span class='ocrx_word' id='word_1_169' title='bbox 1071 3169 1146 3226; x_wconf 91' lang='lat' dir='ltr'><strong>tum</strong></span> 
     </span>
     <span class='ocr_line' id='line_1_26' title="bbox 145 3257 1163 3347; baseline -0.001 -20"><span class='ocrx_word' id='word_1_170' title='bbox 145 3283 177 3328; x_wconf 77' lang='lat' dir='ltr'><strong>as</strong></span> <span class='ocrx_word' id='word_1_171' title='bbox 189 3282 281 3341; x_wconf 88' lang='lat' dir='ltr'><strong>ecce,</strong></span> <span class='ocrx_word' id='word_1_172' title='bbox 297 3262 436 3346; x_wconf 92' lang='lat' dir='ltr'><strong>quidam</strong></span> <span class='ocrx_word' id='word_1_173' title='bbox 451 3263 494 3328; x_wconf 91' lang='lat' dir='ltr'><strong>de</strong></span> <span class='ocrx_word' id='word_1_174' title='bbox 509 3265 715 3347; x_wconf 88' lang='lat' dir='ltr'><strong>presbyteris</strong></span> <span class='ocrx_word' id='word_1_175' title='bbox 730 3265 871 3329; x_wconf 89' lang='lat' dir='ltr'><strong>edoctus</strong></span> <span class='ocrx_word' id='word_1_176' title='bbox 887 3265 923 3327; x_wconf 89' lang='lat' dir='ltr'><strong>in</strong></span> <span class='ocrx_word' id='word_1_177' title='bbox 943 3264 1067 3347; x_wconf 88' lang='lat' dir='ltr'><strong>spiritu</strong></span> <span class='ocrx_word' id='word_1_178' title='bbox 1085 3282 1147 3346; x_wconf 89' lang='lat' dir='ltr'><strong>per</strong></span> <span class='ocrx_word' id='word_1_179' title='bbox 1161 3257 1163 3262; x_wconf 72' lang='grc'>’</span> 
     </span>
     <span class='ocr_line' id='line_1_27' title="bbox 190 3364 1146 3449; baseline 0 -21"><span class='ocrx_word' id='word_1_180' title='bbox 190 3364 451 3448; x_wconf 85' lang='lat' dir='ltr'><strong>opitulationem</strong></span> <span class='ocrx_word' id='word_1_181' title='bbox 474 3366 568 3430; x_wconf 88' lang='lat' dir='ltr'><strong>beati</strong></span> <span class='ocrx_word' id='word_1_182' title='bbox 588 3367 698 3449; x_wconf 90' lang='lat' dir='ltr'><strong>patris</strong></span> <span class='ocrx_word' id='word_1_183' title='bbox 722 3365 904 3431; x_wconf 80' lang='lat' dir='ltr'><strong>cudbercti</strong></span> <span class='ocrx_word' id='word_1_184' title='bbox 926 3366 1023 3429; x_wconf 90' lang='lat' dir='ltr'><strong>illum</strong></span> <span class='ocrx_word' id='word_1_185' title='bbox 1042 3383 1146 3447; x_wconf 91' lang='lat' dir='ltr'><strong>posse</strong></span> 
     </span>
     <span class='ocr_line' id='line_1_28' title="bbox 191 3465 1147 3544; baseline -0.002 -14"><span class='ocrx_word' id='word_1_186' title='bbox 191 3466 319 3543; x_wconf 87' lang='lat' dir='ltr'><strong>sanari,</strong></span> <span class='ocrx_word' id='word_1_187' title='bbox 333 3467 430 3531; x_wconf 89' lang='lat' dir='ltr'><strong>venit</strong></span> <span class='ocrx_word' id='word_1_188' title='bbox 445 3467 601 3531; x_wconf 87' lang='lat' dir='ltr'><strong>clanculo</strong></span> <span class='ocrx_word' id='word_1_189' title='bbox 623 3468 667 3532; x_wconf 92' lang='lat' dir='ltr'><strong>ad</strong></span> <span class='ocrx_word' id='word_1_190' title='bbox 687 3469 812 3544; x_wconf 86' lang='lat' dir='ltr'><strong>locum,</strong></span> <span class='ocrx_word' id='word_1_191' title='bbox 826 3466 885 3531; x_wconf 91' lang='lat' dir='ltr'><strong>ubi</strong></span> <span class='ocrx_word' id='word_1_192' title='bbox 904 3473 1047 3532; x_wconf 87' lang='lat' dir='ltr'><strong>noverat</strong></span> <span class='ocrx_word' id='word_1_193' title='bbox 1065 3465 1147 3529; x_wconf 89' lang='lat' dir='ltr'><strong>effu-</strong></span> 
     </span>
     <span class='ocr_line' id='line_1_29' title="bbox 190 3565 1147 3652; baseline -0.003 -21"><span class='ocrx_word' id='word_1_194' title='bbox 190 3587 267 3631; x_wconf 87' lang='lat' dir='ltr'><strong>sam</strong></span> <span class='ocrx_word' id='word_1_195' title='bbox 294 3565 402 3631; x_wconf 89' lang='lat' dir='ltr'><strong>fuisse</strong></span> <span class='ocrx_word' id='word_1_196' title='bbox 430 3587 567 3651; x_wconf 88' lang='lat' dir='ltr'><strong>aquam,</strong></span> <span class='ocrx_word' id='word_1_197' title='bbox 595 3587 665 3651; x_wconf 92' lang='lat' dir='ltr'><strong>qua</strong></span> <span class='ocrx_word' id='word_1_198' title='bbox 693 3587 817 3650; x_wconf 88' lang='lat' dir='ltr'><strong>corpus</strong></span> <span class='ocrx_word' id='word_1_199' title='bbox 847 3567 921 3652; x_wconf 90' lang='lat' dir='ltr'><strong>ejus</strong></span> <span class='ocrx_word' id='word_1_200' title='bbox 951 3566 1147 3631; x_wconf 80' lang='lat' dir='ltr'><strong>defunctum</strong></span> 
     </span>
     <span class='ocr_line' id='line_1_30' title="bbox 189 3667 1148 3756; baseline -0.001 -26"><span class='ocrx_word' id='word_1_201' title='bbox 189 3668 304 3733; x_wconf 84' lang='lat' dir='ltr'><strong>suerat</strong></span> <span class='ocrx_word' id='word_1_202' title='bbox 324 3667 451 3756; x_wconf 33' lang='lat' dir='ltr'><strong>lotump</strong></span> <span class='ocrx_word' id='word_1_203' title='bbox 459 3670 651 3751; x_wconf 90' lang='lat' dir='ltr'><strong>tollensque</strong></span> <span class='ocrx_word' id='word_1_204' title='bbox 673 3668 754 3733; x_wconf 92' lang='lat' dir='ltr'><strong>inde</strong></span> <span class='ocrx_word' id='word_1_205' title='bbox 773 3668 943 3733; x_wconf 88' lang='lat' dir='ltr'><strong>modicam</strong></span> <span class='ocrx_word' id='word_1_206' title='bbox 962 3668 1056 3731; x_wconf 88' lang='lat' dir='ltr'><strong>humi</strong></span> <span class='ocrx_word' id='word_1_207' title='bbox 1071 3686 1148 3750; x_wconf 92' lang='lat' dir='ltr'><strong>par-</strong></span> 
     </span>
     <span class='ocr_line' id='line_1_31' title="bbox 147 3769 1147 3853; baseline -0.004 -18"><span class='ocrx_word' id='word_1_208' title='bbox 147 3769 335 3835; x_wconf 66' lang='lat' dir='ltr'><strong>coticulam</strong></span> <span class='ocrx_word' id='word_1_209' title='bbox 364 3769 507 3834; x_wconf 89' lang='lat' dir='ltr'><strong>immisit</strong></span> <span class='ocrx_word' id='word_1_210' title='bbox 533 3770 570 3833; x_wconf 92' lang='lat' dir='ltr'><strong>in</strong></span> <span class='ocrx_word' id='word_1_211' title='bbox 599 3789 743 3853; x_wconf 87' lang='lat' dir='ltr'><strong>aquam;</strong></span> <span class='ocrx_word' id='word_1_212' title='bbox 779 3789 883 3852; x_wconf 90' lang='lat' dir='ltr'><strong>quam</strong></span> <span class='ocrx_word' id='word_1_213' title='bbox 916 3769 1070 3834; x_wconf 86' lang='lat' dir='ltr'><strong>deferens</strong></span> <span class='ocrx_word' id='word_1_214' title='bbox 1104 3769 1147 3832; x_wconf 91' lang='lat' dir='ltr'><strong>ad</strong></span> 
     </span>
    </p>
   </div>
   <div class='ocr_carea' id='block_1_5' title="bbox 276 4092 992 4165">
    <p class='ocr_par' dir='ltr' id='par_1_5' title="bbox 276 4092 992 4165">
     <span class='ocr_line' id='line_1_32' title="bbox 276 4092 992 4165; baseline -0.004 -17"><span class='ocrx_word' id='word_1_215' title='bbox 276 4097 284 4127; x_wconf 91' lang='lat'>¹</span> <span class='ocrx_word' id='word_1_216' title='bbox 302 4100 404 4149; x_wconf 67' lang='lat' dir='ltr'><strong>Carus.</strong></span> <span class='ocrx_word' id='word_1_217' title='bbox 419 4092 504 4165; x_wconf 72' lang='lat' dir='ltr'><strong>xm]</strong></span> <span class='ocrx_word' id='word_1_218' title='bbox 523 4098 578 4148; x_wconf 87' lang='lat' dir='ltr'><strong>Vit.</strong></span> <span class='ocrx_word' id='word_1_219' title='bbox 592 4096 677 4146; x_wconf 84' lang='lat' dir='ltr'><strong>Anon.</strong></span> <span class='ocrx_word' id='word_1_220' title='bbox 688 4096 701 4152; x_wconf 61' lang='lat' dir='ltr'><strong>t</strong></span> <span class='ocrx_word' id='word_1_221' title='bbox 712 4101 761 4158; x_wconf 77' lang='lat'><strong>443</strong></span> <span class='ocrx_word' id='word_1_222' title='bbox 781 4098 836 4146; x_wconf 86' lang='lat' dir='ltr'><strong>vit.</strong></span> <span class='ocrx_word' id='word_1_223' title='bbox 849 4098 914 4146; x_wconf 82' lang='lat' dir='ltr'><strong>Met.</strong></span> <span class='ocrx_word' id='word_1_224' title='bbox 926 4098 992 4158; x_wconf 89' lang='lat' dir='ltr'><strong>Cap.</strong></span> 
     </span>
    </p>
   </div>
   <div class='ocr_carea' id='block_1_6' title="bbox 0 0 1449 4890">
    <p class='ocr_par' dir='ltr' id='par_1_6' title="bbox 0 0 1449 4890">
     <span class='ocr_line' id='line_1_33' title="bbox 0 0 1449 4890; baseline 0 0"><span class='ocrx_word' id='word_1_225' title='bbox 0 0 1449 4890; x_wconf 95' lang='lat' dir='ltr'><strong> </strong></span> 
     </span>
    </p>
   </div>
  </div>
 </body>
</html>
