2850 4890
278 365 342 431 110
558 382 650 430 vrun
668 379 699 429 s.
717 378 950 441 cuunsncrr,

109 555 144 604 Α.
153 554 187 604 1).
196 557 255 604 oee.
280 541 464 606 dictionem
483 541 527 605 ad
549 560 587 605 se
604 538 695 604 hunc
715 537 840 603 adferri
859 536 1079 620 permitteret
1124 532 1235 613 Quem

282 661 359 706 cum
386 642 430 705 ad
453 660 492 706 se
514 641 717 725 perductum
734 639 895 705 acerrime
913 645 1079 704 vexatum
1099 635 1236 719 conspi-

282 749 384 820 ceret,
393 743 501 826 jussit
513 761 632 807 omnes
647 740 805 805 secedere
816 738 962 821 longius.
1005 737 1054 802 Et
1071 737 1116 802 ad
1133 736 1236 801 solita

283 844 449 908 orationis
465 863 560 909 arma
572 842 784 926 confugiens,
802 841 886 906 data
906 839 1156 916 benedictione,
1176 857 1235 920 pe-

282 945 373 1028 pulit
396 953 539 1027 pestem,
568 964 674 1027 quam
699 941 851 1007 sollicita
876 941 1083 1006 medicorum
1111 957 1234 1003 manus
1260 956 1273 1000 s

281 1045 530 1128 pigmentorum
553 1043 800 1126 compositione
821 1041 1032 1124 nequiverat.
1077 1040 1236 1124 Denique

282 1147 402 1212 eudem
424 1146 508 1211 hora
528 1165 670 1229 surgens
693 1152 729 1210 et
750 1150 893 1226 accepto
915 1143 992 1209 cibo
1012 1142 1236 1218 confortatus,

282 1248 416 1314 reddita
438 1247 514 1313 Deo
540 1249 725 1330 gratiarum
751 1247 896 1324 actione,
918 1264 1092 1328 regressus
1112 1251 1167 1309 est
1192 1244 1235 1308 ad

284 1370 356 1425 eas,
371 1370 449 1433 quae
465 1369 502 1414 se
516 1355 749 1432 portaverant,
762 1346 919 1411 feminas,
964 1347 1090 1429 Sicque
1107 1345 1236 1411 factum

283 1459 347 1529 est,
360 1459 399 1514 ut
413 1471 491 1533 quae
506 1470 584 1515 eum
598 1449 658 1513 illo
673 1449 790 1513 tristes
804 1448 1000 1530 languidum
1015 1447 1236 1527 advexerant,
1247 1465 1276 1510 ro

284 1573 362 1618 cum
382 1553 432 1617 eis
453 1553 534 1615 inde
549 1549 776 1633 gaudentibus
791 1551 915 1632 etipse
933 1568 1054 1632 sospes
1080 1569 1121 1614 ac
1139 1551 1237 1615 laeta-

283 1653 419 1719 bundus
434 1654 571 1718 domum
583 1652 719 1716 rediret.

569 1955 730 2021 CAPUT
752 1953 948 2019 XXXIII.

289 2128 449 2207 Quomodo
460 2138 593 2214 tempore
603 2125 809 2189 mortalitatis
820 2126 996 2190 morientem
1002 2147 1133 2212 puerum
1144 2129 1240 2192 matri

607 2250 716 2293 sanum
730 2228 914 2292 restituerit.
1248 2248 1276 2294 ιε

142 2475 174 2504 10,
207 2473 219 2501 ο
285 2434 370 2518 §bd
401 2432 540 2497 Eouum
570 2440 722 2515 tempore
750 2430 949 2514 pestilentia
977 2430 1090 2495 subito
1117 2441 1241 2499 exorta

158 2527 190 2555 ¹³²·
282 2536 351 2600 illis
375 2534 411 2598 in
435 2533 598 2617 partibus
615 2533 818 2616 gravissima
834 2552 918 2597 nece
935 2532 1099 2612 incubuit,
1123 2535 1177 2599 ita
1201 2544 1240 2601 ut

283 2637 319 2701 in
333 2636 466 2720 magnis
478 2636 651 2719 quondam
666 2634 867 2718 refertisque
880 2634 1132 2701 habitatoribus
1147 2638 1239 2703 villis

283 2759 325 2804 ac
339 2739 628 2823 possessionibus,
642 2737 704 2802 vix
723 2757 840 2820 parvae
861 2756 1015 2821 raraeque
1033 2738 1188 2822 reliquiae
1204 2749 1240 2806 et

281 2841 452 2906 interdum
480 2839 584 2905 nullae
613 2840 812 2904 residerent.
868 2839 969 2905 Unde
999 2841 1279 2908 sanctissimusm

282 2950 382 3026 pater
414 2943 628 3008 Cudberctus
661 2942 921 3025 diligentissime
953 2962 1053 3008 suam
1086 2944 1238 3009 lustrans

282 3044 491 3128 parochiam,
515 3043 643 3107 eisdem
672 3042 899 3126 parvissimis,
926 3064 1005 3127 quae
1031 3045 1239 3127 superfuere,

282 3146 435 3229 reliquiis
458 3144 681 3208 ministerium
706 3142 814 3209 Verbi
838 3153 874 3210 et
895 3147 1098 3210 necessariae
1115 3166 1239 3213 conso-

281 3248 422 3313 latIonis
437 3265 538 3328 opem
553 3244 640 3310 ferre
660 3265 730 3310 non
749 3246 861 3311 desiit
905 3246 1103 3313 Adveniens
1123 3257 1240 3315 autem

251 3434 253 3440 A
282 3350 318 3414 in
342 3348 493 3414 viculum
521 3349 704 3432 quendam,
731 3348 926 3431 ibidemque
955 3350 1125 3430 omuibus,
1150 3371 1278 3434 quosue

281 3453 469 3529 invenerat,
484 3450 616 3515 auxilio
637 3450 888 3515 exhortationis
911 3451 1075 3530 adhibito,
1090 3452 1180 3518 dixit
1193 3455 1238 3520 ad

281 3552 519 3635 presbyterum
544 3570 655 3628 suum,
681 3550 860 3616 ‘Putasne
886 3561 1042 3635 superest
1064 3555 1239 3638 quispiam

282 3654 336 3719 his
360 3654 397 3718 iu
423 3653 508 3717 locis
531 3653 586 3717 cui
610 3660 729 3717 nostra
750 3654 948 3719 visitatione
971 3663 1007 3720 et
1030 3657 1238 3723 allocutione

284 3775 371 3840 opus
391 3755 455 3837 sit3
479 3775 524 3819 an
539 3755 673 3821 cunctis
688 3757 748 3840 qui
764 3756 851 3820 male
864 3757 1040 3821 habebant
1056 3759 1153 3837 vIsis,
1162 3759 1237 3844 jam

477 4093 497 4124 ¹³
514 4096 606 4146 Cunus
617 4094 766 4158 xxxnn]
820 4095 875 4148 vit.
888 4098 964 4148 Pros.
977 4096 991 4164 ξ
1003 4102 1044 4149 35.
