2850 4890
432 368 483 413 no
502 366 756 415 nconnncruu
775 364 1024 414 rnrrsrrrnrr.
1140 349 1205 413 217

250 525 445 590 hominibus
466 526 565 590 utilia
585 532 676 603 sunt,
695 526 778 608 quia
797 525 959 590 videlicet
978 544 1087 608 neque
1107 544 1205 607 regu·

250 630 333 694 laris
353 630 538 693 secundum
554 629 665 692 Deum
684 629 810 692 ibidem
824 629 898 692 vita
912 634 1077 704 servatur,
1092 646 1203 710 neque
1228 692 1229 699 ,

251 730 312 794 illa
334 731 460 796 milites
486 731 561 794 sive
585 731 726 796 comites
750 730 952 794 secularium
982 736 1205 812 potestatum,

251 835 312 916 qui
335 840 468 915 gentem
487 842 638 898 nostram
665 852 687 897 a
708 833 865 897 barbaris
886 830 1072 896 defendant
1093 833 1205 915 possi-

221 934 350 1016 sdent;
374 937 405 998 si
424 936 501 1018 quis
521 936 557 999 in
576 936 704 1000 eisdem
720 936 805 1018 ipsis
819 936 905 999 locis
920 953 982 1018 pro
997 935 1205 998 necessitate

251 1043 440 1119 temporum
459 1037 575 1101 sedem
593 1038 814 1120 episcopatus
833 1038 1033 1115 constituat,
1046 1055 1116 1099 non
1134 1037 1206 1100 cul-

251 1157 332 1220 pam
354 1139 646 1221 praevaricationis
670 1139 853 1216 incurrere,
877 1139 937 1202 sed
962 1154 1049 1221 opus
1069 1138 1205 1201 virtutis

246 1240 361 1322 magis
382 1259 492 1323 agere,
505 1241 712 1324 probabitur.
758 1239 939 1319 Quomodo
960 1241 1050 1305 enirn
1070 1240 1106 1302 in
1126 1260 1205 1323 pec·

251 1350 367 1406 catum
380 1343 533 1426 reputari
548 1350 672 1426 potest,
686 1344 718 1407 si
732 1345 863 1428 injusta
873 1344 1063 1426 principum
1072 1340 1206 1425 judicia

210 1450 241 1508 io
254 1452 346 1509 recto
374 1445 550 1508 meliorum
579 1445 770 1528 principum
796 1445 956 1509 examine
977 1444 1206 1526 corrigantur3

254 1565 295 1610 ac
320 1547 468 1611 mendax
497 1546 598 1611 stilus
624 1547 810 1612 scribarum
835 1544 1030 1627 iniquorum
1056 1544 1207 1608 discreta

253 1647 469 1729 prudentium
486 1648 699 1713 sacerdotnm
713 1649 885 1712 sententia
895 1647 1049 1710 deleatur
1063 1666 1104 1710 ac
1118 1645 1208 1708 redi-

253 1757 352 1832 gatur
366 1751 400 1813 in
416 1748 570 1830 nihilum,
580 1750 686 1834 juxta
704 1749 898 1832 exemplum
916 1766 1024 1813 sacrae
1044 1748 1207 1826 historiae,

253 1871 332 1934 quae
352 1855 509 1935 tempora
528 1872 645 1934 regum
663 1850 766 1916 Judae
786 1871 808 1914 a
828 1850 944 1915 David
966 1858 1001 1914 ct
1023 1849 1206 1914 Salomone

211 1973 240 2018 15
253 1973 362 2036 usque
390 1953 434 2017 ad
464 1954 620 2018 ultimum
651 1953 859 2017 Zedechiam
888 1953 1095 2030 describens,
1124 1971 1208 2016 non·

250 2056 363 2121 nullos
374 2055 512 2138 quidem
521 2056 614 2120 ineis
629 2055 818 2137 religiosos
833 2055 893 2119 sed
906 2054 1022 2137 plures
1033 2054 1207 2136 reprobos,

253 2159 431 2223 exstitisse
446 2158 619 2241 designat3
641 2159 844 2241 vicibusque
852 2158 1102 2222 alternantibus
1114 2176 1206 2220 nunc

252 2260 376 2342 impios
396 2261 571 2338 bonorum,
586 2261 644 2342 qui
665 2268 746 2326 ante
767 2281 805 2326 se
825 2261 961 2325 fuerant
979 2259 1074 2324 facta
1093 2278 1206 2341 repro-

252 2363 347 2440 bare,
368 2383 459 2427 nunc
486 2384 505 2428 e
528 2364 698 2427 contrario
720 2363 836 2446 justos
865 2362 1057 2443 impiorum,
1079 2361 1140 2445 qui
1168 2380 1206 2424 se

207 2483 240 2527 ao
254 2474 504 2547 praecesserant
535 2473 632 2549 gesta
664 2466 799 2543 nociva,
828 2472 929 2547 prout
957 2464 1091 2547 justum
1122 2469 1206 2540 erat,

247 2566 394 2651 juvante
413 2587 450 2631 se
470 2568 537 2632 Dei
555 2568 696 2650 Spiritu,
716 2586 776 2650 per
795 2565 980 2649 prophetas
1001 2572 1141 2629 sanctos
1165 2584 1206 2628 ac

254 2669 450 2733 sacerdotes
470 2670 562 2733 omni
581 2671 749 2734 instantia
768 2669 978 2748 correxisse3
995 2667 1100 2750 juxta
1122 2666 1206 2730 illud

254 2770 348 2835 beati
362 2770 477 2835 Esaiae
489 2772 721 2855 praecipientis
736 2779 839 2853 atque
853 2770 1009 2847 dicentia,
1024 2768 1207 2832 ‘Dissolve

254 2861 489 2954 colligationes
497 2872 722 2937 violentarum
731 2873 1035 2938 commutationum
1048 2891 1058 2953 3
1075 2870 1208 2934 dimitte

209 2993 241 3038 as
252 2975 447 3038 confractos
475 2974 511 3036 in
540 2975 783 3051 remissionem,
812 2982 848 3039 et
874 2994 1009 3038 omnem
1035 2973 1208 3054 conscrip-

254 3077 382 3140 tionem
408 3075 563 3158 iniquam
586 3075 780 3159 disrumpe!
824 3075 904 3155 Quo
930 3076 1087 3158 exemplo
1112 3082 1207 3139 tuam

254 3197 391 3261 quoque
428 3178 649 3242 sanctitatem
686 3178 786 3242 decet
818 3199 896 3242 cum
929 3179 1089 3261 religioso
1120 3197 1208 3259 rege,

254 3287 380 3343 nostrae
404 3280 513 3362 gentis
533 3280 724 3362 irreligiosa
749 3288 783 3345 et
805 3280 926 3364 iniqua
942 3281 1092 3364 priorum
1111 3287 1209 3361 gesta

254 3389 357 3464 atquc
388 3383 518 3464 scripta
543 3383 744 3461 convellere,
769 3390 805 3447 et
830 3402 883 3461 ea,
912 3402 990 3466 qnae
1020 3381 1208 3465 provinciae

210 3502 243 3548 ao
254 3489 382 3548 nostrae
398 3483 471 3548 sive
486 3484 674 3548 secundum
689 3483 813 3562 Deum,
826 3484 900 3548 sive
914 3485 1101 3549 secundum
1113 3502 1210 3546 secu-

253 3584 335 3662 lum,
349 3583 420 3648 sint
439 3573 549 3662 utilia,
564 3585 775 3667 prospicere3
797 3604 840 3648 ne
855 3585 984 3648 nostris
999 3583 1210 3666 temporibus

255 3685 311 3752 vel
331 3687 495 3769 religione
516 3694 686 3764 cessante,
706 3706 800 3752 arnor
820 3689 987 3771 timorque
1007 3686 1131 3750 interni
1151 3685 1210 3749 de·

255 3794 387 3851 seratur
411 3788 626 3869 inspectoris,
647 3786 704 3854 vel
729 3796 923 3853 rarescente
951 3787 1053 3871 copia
1078 3787 1210 3851 militiae

255 3888 431 3968 secularis,
446 3889 561 3954 absint
578 3890 639 3973 qni
658 3889 743 3954 fines
763 3897 898 3955 nostros
920 3909 942 3954 a
960 3888 1140 3953 barbarica
1158 3888 1211 3951 in-

553 4205 573 4234 ²³
588 4206 718 4271 Discolor]
739 4207 801 4258 lsai.
813 4208 877 4257 lviii.
890 4211 915 4256 6.
