2850 4890
274 374 339 439 306
649 386 859 437 arrunnrx.

278 537 365 613 cujus
385 532 509 613 pedibus
527 539 692 612 prostratus
709 552 770 592 rem
786 552 825 592 ex
839 531 941 591 ordine
956 527 1068 600 retulit,
1082 528 1234 590 indictam-

279 639 337 698 que
366 619 563 698 poenitentiam
595 617 765 697 complevit,
793 627 824 678 et
850 619 941 696 juxta
971 617 1017 676 sni
1057 627 1236 696 praeceptum

280 704 412 783 episcopi
423 714 505 762 caste
520 711 550 762 et
563 703 698 780 religiose
712 702 853 782 deinceps
867 703 949 763 vixit.

105 811 248 910 maffia.
279 795 335 932 ὥς
357 794 407 847 25.
423 786 631 931 ¹l'onFtplicputo
650 787 920 930 'poetssllfieffi‘cim
941 786 1109 929 Egelwipp,
1123 785 1234 931 indii?

121 914 125 922 -
226 883 237 919 '·
312 894 319 930 r
584 892 708 930 renim
750 893 767 930 a
801 892 818 930 e
847 893 884 930 uu
909 891 1112 930 uxorcomrrs
1160 892 1192 929 or
1224 885 1272 927 -t

104 912 260 1003 ‘ll‘ltllilll‘
280 884 477 1018 animbibdibr
484 894 580 1028 Toas'li,
591 894 716 1019 hodeusta
725 957 812 1016 valde
819 893 853 1018 lit
863 916 1011 1036 religiosa,
1022 977 1092 1036 quae
1103 966 1237 1015 sanctum

281 1043 475 1103 cuthbertum
502 1043 656 1122 plurimum
682 1041 837 1120 diligebat,
867 1041 983 1101 diversa
1010 1042 1151 1102 ecclesiae
1175 1045 1237 1121 ejus

281 1137 450 1188 ornamenta
463 1129 627 1188 contulerat
641 1137 671 1187 et
685 1126 783 1187 adhuc
798 1128 893 1207 plura,
904 1147 972 1189 cum
982 1129 1083 1187 multis
1097 1137 1238 1186 terrarum

281 1214 531 1295 possessionibus,
543 1234 576 1272 se
587 1212 721 1272 daturam
733 1214 916 1292 promiserat,
927 1214 951 1272 si
962 1213 990 1271 in
1002 1213 1164 1272 ecclesiam
1175 1215 1238 1292 ejus

282 1309 312 1359 at
326 1299 365 1359 ad
380 1298 545 1378 sepulcrum
559 1299 651 1378 ipsius
665 1299 723 1361 sibi
740 1298 841 1358 liceret
857 1300 972 1359 intrare.
1019 1297 1082 1357 Sed
1096 1318 1167 1356 cum
1180 1318 1236 1356 rem
1247 1310 1274 1354 ιο

282 1393 394 1444 tantam
413 1404 466 1463 per
487 1404 519 1443 se
537 1391 648 1445 tentare
664 1404 722 1443 non
741 1383 873 1452 auderet,
890 1403 977 1443 unam
996 1381 1033 1441 da
1050 1382 1237 1462 pedissequis

283 1472 345 1531 suis
374 1470 522 1529 secretiori
550 1470 620 1529 bora
646 1470 797 1548 praemisit.
854 1468 923 1529 Jarn
953 1467 1063 1548 pedem
1089 1467 1142 1527 illa
1168 1469 1240 1526 intra

283 1555 481 1615 caemeterium
503 1563 565 1613 erat
588 1556 731 1633 positura,
756 1574 825 1614 cum
849 1555 947 1614 subito
968 1553 1062 1612 veluti
1086 1561 1238 1613 ventorum

284 1641 423 1699 violentia
450 1640 539 1718 coepit
566 1640 666 1718 repelli
694 1646 724 1698 et
751 1640 862 1698 viribus
890 1637 1028 1708 delicere,
1056 1639 1170 1718 vixque
1203 1637 1240 1697 ad

282 1725 441 1806 hospitium
467 1744 584 1784 reversa
608 1723 720 1785 decidit
744 1725 772 1782 iu
797 1725 917 1793 lectum,
942 1732 973 1782 et
993 1723 1113 1782 tandem
1139 1723 1276 1782 dolorem

282 1811 341 1869 isto
351 1810 523 1889 gravissimo
535 1828 602 1868 cum
614 1811 676 1868 vita
686 1809 789 1868 caruit.
816 1808 890 1868 Hoc
899 1808 979 1868 facto
988 1809 1239 1869 comitissavehe-

283 1906 395 1955 menter
409 1895 547 1954 exterrita
562 1895 747 1962 contremuit,
759 1903 848 1972 atque
866 1893 1011 1954 humiliter
1028 1893 1240 1954 satisfaciendo

285 1981 442 2057 imaginem
462 1977 606 2049 crucifixi,
621 1981 778 2057 imaginem
790 1979 849 2038 Dei
864 1979 1021 2057 genetricis
1037 1988 1070 2037 et
1085 1980 1242 2057 imaginem

285 2065 381 2124 sancti
408 2063 552 2123 Johanuis
579 2065 770 2142 evangelistae
798 2065 864 2144 ipsa
891 2073 920 2124 et
949 2066 1061 2142 conjux
1086 2067 1153 2142 ejus
1182 2063 1242 2123 fieri

279 2152 444 2228 jusserunt,
460 2169 590 2228 auroque
609 2158 640 2209 et
659 2158 781 2227 argento
795 2150 955 2209 vestierunt
973 2168 1009 2209 aa
1028 2150 1171 2230 perplura
1185 2150 1278 2209 anan

285 2234 323 2294 ad
339 2234 475 2295 decorem
490 2235 627 2295 ecclesiae
641 2235 820 2295 obtuleruut.

112 2341 174 2391 story
185 2353 215 2380 re
326 2326 339 2392 i
353 2326 402 2380 26.
425 2319 494 2379 Nec
509 2320 624 2379 silentio
638 2319 869 2397 praetereundum
881 2325 991 2398 quauta
1002 2318 1111 2377 uostris
1125 2337 1242 2398 quoqne

111 2390 267 2492 :ffl'ssffglffl‘l
286 2405 466 2484 temporibus
490 2403 623 2482 ejusdem
645 2404 805 2465 beatissimi
822 2405 913 2483 patris
935 2402 1070 2464 fulserint
1090 2405 1243 2463 miracula.

110 2494 161 2533 uve.
287 2490 447 2568 Regnante
461 2509 553 2568 nuper
566 2490 699 2568 piissimo
712 2510 781 2567 rege
794 2488 973 2557 Eadwardo,
984 2489 1159 2549 miraculum
1174 2509 1243 2548 cou-

286 2575 352 2652 tigit
379 2575 523 2653 prioribus
551 2574 656 2641 simile,
685 2595 738 2654 per
765 2574 845 2652 quod
874 2574 902 2632 in
931 2574 1016 2632 unius
1044 2576 1281 2653 praesuntoriaat

287 2660 464 2738 peremtione
477 2659 560 2718 multi
570 2658 709 2739 deinceps
721 2660 844 2719 correcti
855 2668 923 2718 sunt
933 2678 951 2717 a
963 2658 1015 2717 tali
1024 2661 1242 2737 praesumtione.

289 2745 370 2803 Dum
385 2745 461 2803 enim
475 2745 597 2804 Tostius
614 2765 715 2805 comes
735 2744 784 2803 ille
804 2745 920 2804 cunctis
939 2744 1122 2814 notissimus,
1135 2746 1165 2803 in
1181 2764 1243 2825 par·

334 2983 453 3046 ³Vixit.]
487 2985 751 3047 Simeonhereadds,
782 2986 844 3046 why
861 3000 960 3034 women
976 2986 1059 3048 ought
1072 2991 1118 3035 not
1132 2993 1160 3036 to
1175 3003 1244 3037 come

289 3056 367 3105 ‘Hoc
376 3070 437 3104 saue
447 3058 485 3103 ita
495 3056 592 3105 factum
603 3057 671 3104 siout
682 3060 751 3104 reto·
784 3062 810 3103 to
828 3057 867 3106 St.
886 3054 1035 3105 Cuthbert's
1051 3057 1187 3119 Feretory,
1202 3073 1245 3106 nor

289 3127 375 3185 limus,
388 3126 420 3174 ab
438 3127 520 3185 ipsius
537 3126 681 3187 presbyteri
699 3127 752 3173 nno
783 3131 854 3174 enter
863 3126 907 3174 the
918 3125 1046 3186 precincts
1055 3125 1085 3173 of
1094 3126 1138 3175 the
1148 3142 1245 3176 monas·

290 3196 439 3255 presbytero
454 3200 481 3243 et
495 3197 596 3244 duobus
611 3195 752 3255 capellanis
784 3193 859 3256 tery,'
871 3210 915 3244 are
930 3195 1006 3256 given
1019 3196 1046 3242 iu
1059 3194 1244 3246 Hntchiusou's

291 3265 415 3326 episcopi,
425 3266 469 3325 qui
480 3270 570 3325 postea
582 3266 713 3314 nobiscum
726 3266 752 3313 in
785 3266 904 3325 History,
916 3266 943 3314 ii.
958 3268 1015 3313 231.

291 3334 339 3382 hac
351 3334 462 3382 ecclesia
475 3336 500 3382 in
512 3335 650 3383 monachili
662 3335 752 3384 habitu
820 3331 839 3362 ¹⁷
859 3333 994 3399 ewafiat]
1092 3349 1162 3398 qnae,
1180 3336 1245 3386 sicut

291 3404 434 3452 conversati
447 3410 516 3466 sunt,
525 3406 592 3453 sicut
604 3405 637 3453 ab
646 3406 712 3468 ipso,
725 3406 752 3454 in
785 3405 811 3452 io
825 3406 991 3466 sequentibus
1007 3404 1120 3466 dicetur,
1133 3421 1150 3455 a
1161 3413 1245 3469 rapto·
1299 3457 1301 3460 .

291 3487 342 3534 quo
352 3472 446 3521 lactum
456 3477 504 3534 est,
513 3475 672 3536 presbytero,
685 3476 752 3523 didi·
786 3476 856 3524 ribus
869 3489 916 3523 suo
928 3475 1013 3524 luerat
1025 3474 1139 3535 spoliata
1156 3483 1246 3527 ornatu

292 3548 372 3602 cerat,
401 3542 547 3603 frequenter
574 3544 753 3606 referentibus,
787 3544 927 3594 ...addit
941 3545 968 3593 S.
981 3544 1104 3595 Duuelm.

293 3611 458 3663 audivimus.'
820 3612 840 3642 ²²
856 3615 909 3662 Nec
919 3612 1034 3674 silentio]
1051 3613 1116 3663 This
1124 3615 1217 3678 legend
1225 3618 1248 3665 is

337 3681 347 3710 ⁴
363 3676 507 3750 agelwius]
528 3717 535 3731 .
550 3684 753 3732 ..nihilominus
786 3683 880 3745 passed
892 3700 953 3734 over
965 3686 998 3745 by
1007 3684 1120 3734 Simeon.

293 3753 409 3802 ecclcsiae
418 3753 482 3800 nihil
494 3752 597 3814 inferre,
610 3755 661 3802 imo
673 3755 754 3802 multo
820 3750 840 3782 “l
858 3748 974 3820 Tastina]
993 3755 1023 3802 In
1036 3753 1149 3815 Simeon,
1163 3769 1203 3804 ιιι.
1213 3757 1249 3804 xi.

294 3825 376 3884 magis
399 3838 475 3883 qnam
506 3823 585 3871 frater
611 3826 668 3884 ejus
694 3830 753 3872 ante
786 3824 1007 3873 'Posti'sdevotiou
1020 3823 1070 3872 and
1082 3824 1215 3887 liberality
1224 3833 1251 3876 to

292 3894 375 3953 illum,
400 3900 548 3941 ornamenta
574 3907 664 3954 resque
688 3895 755 3942 alias
787 3893 829 3942 the
841 3895 936 3943 church
950 3895 978 3942 ol
994 3892 1109 3943 Durham
1122 3911 1167 3947 are
1181 3912 1248 3946 men·

294 3963 429 4023 satagebat
445 3962 554 4012 auferre.
592 3963 619 4011 S.
634 3964 754 4012 Dunelm.
770 3960 771 3971 ¹
787 3965 874 4013 tioned
886 3965 912 4012 iu
929 3963 991 4025 high
1004 3969 1081 4013 terma
1094 3965 1124 4013 ol
1137 3967 1249 4015 admira-

295 4046 334 4081 ιιι.
348 4033 383 4080 xi.
788 4035 856 4094 tion3
876 4035 919 4082 the
931 4048 1042 4096 passage
1056 4035 1079 4082 is
1097 4037 1206 4089 omitted
1223 4038 1250 4085 in

331 4098 350 4129 ¹⁰
368 4103 428 4150 Rem
439 4095 551 4169 tantam]
572 4102 642 4151 ‘The
650 4117 755 4152 reasons
788 4105 831 4152 the
843 4111 946 4166 present
958 4105 1063 4165 history.
