2850 4890
296 364 340 426 54
583 380 675 426 vira
693 380 723 427 s.
739 379 971 439 ouununorr,

301 541 343 605 de
364 541 464 622 longe
484 542 614 606 ratibus
628 540 800 618 veherent,
810 540 953 622 jamque
971 559 991 602 o
1010 537 1146 620 regione
1167 537 1258 622 ejus-

301 641 379 704 dem
402 643 602 706 monasterii
621 641 776 706 vehendo
795 641 1003 716 devenirent,
1027 659 1067 703 ac
1093 647 1186 703 rates
1213 638 1258 703 ad

300 749 425 806 terram
440 743 583 807 educere
604 750 818 820 conarentur,
835 760 924 818 ecce,
944 741 1059 804 subito
1074 747 1198 805 ventus
1213 741 1259 802 ab

300 863 427 907 occasu
442 844 666 926 tempestivus
680 862 860 924 assurgens
872 842 1022 923 abripuit
1034 849 1138 919 rates,
1153 849 1258 924 atque

302 945 345 1008 ab
361 945 451 1009 ostio
465 944 615 1007 fluminis
636 944 768 1008 trahere
788 943 904 1025 coepit.
951 941 1052 1020 Quod
1068 942 1225 1007 videntes
1241 963 1260 1006 e
1286 961 1301 1004 s

262 1054 266 1058 ’
300 1045 508 1110 monasterio
529 1046 678 1122 Fratres,
702 1045 836 1108 emissis
858 1044 963 1107 fluvio
984 1044 1166 1122 naviculis,
1188 1061 1259 1120 eos,

300 1146 359 1229 qui
387 1147 424 1209 iu
453 1147 585 1211 ratibus
615 1147 828 1224 laborabant,
857 1145 1021 1228 adjuvare
1048 1145 1259 1222 nitebantur,

300 1248 363 1311 sed
390 1247 426 1312 vi
455 1249 603 1312 fluminis
634 1268 676 1313 ac
705 1255 884 1313 ventorum
912 1247 1078 1311 violentia
1106 1247 1258 1328 superati

300 1367 519 1430 nequaquam
546 1350 718 1413 valebant.
767 1348 867 1412 Unde
895 1347 990 1412 facta
1018 1348 1258 1430 desperatione

301 1449 440 1513 humani
466 1449 638 1533 adjutorii,
657 1449 814 1531 fugerunt
838 1450 881 1513 ad
901 1449 1075 1513 Divinum.
1119 1448 1258 1531 Egressi
1271 1467 1302 1511 ro

300 1570 449 1633 namque
469 1551 511 1614 de
531 1552 749 1627 monasterio,
765 1556 800 1614 et
819 1551 1014 1614 labentibus
1034 1551 1070 1612 in
1090 1568 1258 1613 oceanum

299 1653 442 1730 ratibus,
456 1653 592 1716 collecti
606 1654 642 1715 in
656 1653 816 1734 proxima
826 1653 923 1716 obice
937 1652 1121 1716 flectebant
1137 1671 1259 1732 genua,

300 1754 536 1835 supplicantes
570 1753 719 1817 Domino
750 1773 813 1835 pro
841 1753 906 1831 his,
936 1772 1023 1835 quos
1052 1755 1088 1816 in
1123 1760 1258 1817 tantum

299 1855 417 1917 mortis
452 1854 634 1918 discrimen
663 1854 876 1937 jamjamque
907 1856 1033 1918 irruere
1061 1856 1256 1919 comebant.

301 1954 369 2017 Sed
399 1955 594 2036 provisione
620 1956 748 2032 divina,
776 1957 933 2039 quamvis
959 1957 1018 2019 diu
1046 1958 1259 2037 precantium
1271 1977 1301 2020 rs

300 2061 384 2119 vota
399 2062 481 2118 sunt
497 2053 617 2132 dilata,
635 2063 674 2119 ut
688 2056 847 2121 videlicet
863 2064 994 2138 quanta
1009 2063 1101 2120 esset
1114 2057 1150 2119 in
1165 2056 1257 2120 Oud-

300 2157 417 2221 bercto
432 2156 540 2220 virtus
555 2157 717 2238 precandi
734 2163 934 2239 patesceret.
980 2158 1104 2222 Stabat
1118 2159 1207 2221 enim
1222 2159 1259 2220 in

302 2256 412 2320 altera
438 2258 548 2320 amnis
573 2259 648 2339 ripa
671 2258 823 2339 vulgaris
844 2259 946 2323 turba
968 2279 1037 2322 non
1056 2259 1202 2338 modica,
1221 2261 1259 2322 in

301 2377 372 2440 qua
387 2358 505 2420 stabat
517 2365 552 2421 et
567 2358 652 2439 ipse.
698 2359 786 2437 Quae
802 2379 890 2437 cum,
906 2360 1166 2442 aspectantibus
1180 2379 1259 2423 cum

301 2458 445 2523 tristitia
460 2459 648 2536 monachis,
662 2467 781 2542 raptas
800 2480 900 2542 porro
919 2480 980 2543 per
996 2480 1089 2524 mare
1109 2469 1260 2525 cerneret
1270 2480 1303 2525 ao

302 2567 404 2637 rates,
420 2560 508 2623 adeo
523 2567 562 2623 ut
576 2561 677 2642 quasi
693 2560 844 2643 quinque
863 2580 945 2625 aves
961 2561 1126 2643 parvula,
1141 2563 1259 2647 (quin-

300 2680 366 2742 que
383 2662 472 2724 enim
486 2660 607 2746 rates)
616 2662 717 2725 undis
727 2663 916 2726 insidentes
928 2671 1140 2745 apparerent,
1151 2665 1260 2748 coepit

299 2760 437 2826 irridere
457 2764 565 2827 vitam
584 2766 854 2829 conversationis
873 2784 998 2843 eorum,
1017 2767 1119 2847 quasi
1137 2768 1258 2830 merito

300 2863 386 2926 talia
413 2870 620 2945 paterentur,
651 2866 710 2947 qui
739 2867 932 2930 communia
960 2867 1152 2930 mortalium
1175 2867 1259 2950 jura

301 2974 510 3046 spernentes,
523 2985 616 3029 nova
636 2973 671 3030 et
690 2966 808 3047 ignota
822 2966 943 3030 darent
958 2974 1091 3031 statuta
1105 2968 1255 3032 vivendi.
1269 2989 1299 3033 2⁵

301 3065 481 3130 Prohibuit
502 3067 714 3131 Cudberctus
738 3070 861 3150 probra
885 3069 1120 3147 deridentium,
1138 3068 1255 3147 ‘Quid

302 3166 424 3248 agitis,'
446 3167 619 3249 inquiens,
643 3167 801 3244 ‘fratres
828 3169 1072 3233 maledicentes
1091 3169 1145 3233 his
1169 3190 1257 3253 quos

301 3269 337 3332 in
356 3267 462 3331 letum
478 3267 552 3350 jam
573 3269 662 3332 trahi
675 3268 825 3333 videtis‘l
847 3289 959 3331 nonne
976 3271 1097 3334 melius
1115 3278 1258 3336 essetet
1323 3289 1324 3292 ’

300 3369 483 3460 humanius
513 3368 698 3434 Dominum
726 3389 788 3452 pro
818 3389 934 3433 eorum
968 3371 1079 3435 salute
1111 3374 1256 3454 precari,

301 3491 404 3553 quam
425 3471 467 3534 de
488 3470 623 3533 illorum
643 3472 789 3552 gaudere
807 3471 999 3554 periculisl'
1042 3472 1093 3537 At
1110 3474 1161 3536 illi
1184 3495 1257 3544 rus·
1269 3495 1300 3539 ao

299 3573 370 3638 tico
392 3580 427 3636 et
446 3572 559 3635 animo
579 3580 614 3635 et
634 3591 691 3635 ore
711 3573 966 3636 stomachantes
982 3573 1146 3638 adversus
1167 3596 1254 3652 eum,

300 3672 469 3753 ‘Nullus’
483 3675 653 3756 inquiunt,
667 3680 676 3709 ‘
688 3674 861 3737 hominum
873 3695 935 3757 pro
947 3675 997 3738 eis
1011 3683 1116 3756 roget,
1128 3677 1254 3741 nullius

299 3797 415 3841 eorum
441 3776 641 3839 misereatur
667 3776 773 3853 DeuS,
793 3784 829 3840 et
851 3777 910 3858 qui
938 3782 1072 3841 veteres
1101 3779 1254 3842 culturas

297 3878 491 3943 hominibus
512 3876 631 3953 tulere,
656 3885 691 3940 et
714 3897 812 3940 novae
834 3877 980 3959 qualiter
999 3880 1173 3943 observari
1196 3881 1254 3944 de-

297 3983 402 4044 beant
423 3999 522 4044 nemo
542 3979 660 4043 novit.'
706 3977 785 4056 Quo
812 3986 955 4060 accepto
979 3998 1155 4061 responso,
1178 3982 1296 4063 ipsese

297 4090 454 4145 oraturus
479 4079 662 4143 Dominum
684 4099 794 4160 genua
814 4080 923 4156 flexit,
946 4088 1052 4162 caput
1072 4082 1108 4144 in
1128 4090 1253 4146 terram
