2850 4890
265 369 330 435 102
546 388 638 437 vrrs
656 387 686 436 s.
705 386 940 450 cunanacrr,

97 552 244 605 amosa
265 547 408 612 incauta
442 545 627 612 velocitate
661 545 786 610 ductus
824 545 1014 628 respondit,
1051 551 1088 610 et
1123 544 1224 624 dixit,

267 646 394 712 ‘Unde
415 648 518 713 scisl’
561 648 694 713 Nolens
716 655 832 713 autem
850 648 909 712 ille
928 646 1075 729 amplios
1095 647 1138 712 de
1157 646 1223 725 bis,

269 768 347 831 quae
370 749 437 814 sibi
460 757 557 814 erant
584 749 748 827 revelata,
768 745 974 831 patefacere,
995 746 1149 812 ‘Nonne
1172 747 1224 812 vi-

268 849 380 927 detis,'
393 850 516 934 inquit,
530 856 541 886 ‘
555 871 657 934 quam
672 850 755 914 mire
773 855 926 913 mutatus
942 867 983 913 ac
997 849 1156 913 turbatus
1176 847 1224 912 sit

269 950 350 1015 aeri
387 950 433 1016 Et
444 952 520 1034 quis
530 952 727 1016 mortalium
738 949 865 1015 sufficit
875 949 1082 1031 investigare
1091 948 1226 1033 judicia
1249 967 1263 1012 s

269 1051 336 1116 Dei
345 1051 370 1117 l'
412 1051 579 1117 Attamen
597 1052 778 1117 confestim
794 1051 939 1117 intravit
953 1051 997 1116 ad
1013 1051 1175 1134 reginam,
1189 1056 1225 1115 et

269 1160 402 1218 secreto
424 1174 502 1220 eam
525 1154 716 1236 alloquens,
737 1160 812 1218 erat
836 1160 952 1217 autem
972 1152 1046 1216 dies
1068 1152 1224 1231 Sabbati,

268 1259 279 1289 ‘
294 1254 405 1335 Vide‚'
422 1255 545 1337 inquit,
558 1260 712 1320 ‘mature
726 1255 957 1320 inlucescente
971 1253 1124 1319 secunda
1138 1254 1225 1318 Sab-

267 1355 341 1420 bati
356 1355 524 1421 ascendas
538 1377 681 1437 currum,
696 1358 780 1440 quia
793 1357 848 1422 die
862 1357 1033 1421 dominico
1053 1376 1155 1420 curru
1173 1354 1224 1420 ire

267 1476 336 1520 non
350 1459 442 1537 licet,
455 1459 633 1542 vadasque
647 1465 683 1523 et
697 1457 843 1542 Regiam
857 1458 1043 1525 Civitatem
1058 1456 1223 1522 citissime
1234 1474 1264 1520 ro

267 1557 430 1638 introeas,
454 1581 498 1626 ne
526 1561 612 1626 forte
641 1561 777 1626 occisus
806 1561 854 1625 sit
880 1579 951 1624 rex.
993 1558 1067 1641 Ego
1097 1566 1225 1636 autem,

268 1659 350 1742 quia
376 1663 528 1726 crastina
555 1662 611 1726 die
640 1663 685 1726 ad
711 1662 861 1728 vicinum
895 1660 1152 1740 monasterium,
1179 1662 1224 1726 ob

268 1759 493 1826 dedicandam
508 1763 555 1828 ibi
570 1761 763 1842 ecclesiam,
777 1762 893 1828 venire
907 1768 1047 1844 rogatus
1061 1781 1149 1840 sum,
1163 1781 1225 1826 ex·

267 1865 363 1946 pleta
376 1864 602 1946 dedicatione,
616 1872 651 1930 te
665 1866 828 1930 continuo
843 1863 1055 1948 subsequor.'

96 1983 241 2044 maenom-
310 1965 396 2050 §td
420 1967 590 2033 Veniente
617 1975 732 2033 autem
751 1968 805 2033 die
826 1968 1008 2046 dominico,
1030 1966 1264 2051 praedicansrc

95 2036 214 2125 diiii-“¹⁸
268 2066 420 2133 Verbum
439 2069 507 2134 Dei
528 2071 704 2135 Fratribus
724 2071 878 2155 ejusdem
896 2069 1107 2147 monasterii,
1127 2069 1224 2135 linito

267 2189 421 2237 sermone
440 2179 476 2237 et
495 2171 691 2238 faventibus
706 2173 839 2237 cunctis
855 2171 914 2255 qui
934 2170 1088 2249 aderant,
1107 2189 1224 2234 rursus

268 2271 319 2336 ita
342 2273 460 2357 coepit,
483 2274 671 2352 ‘Obsecro,
697 2273 921 2352 dilectissimi,
938 2272 1044 2356 juxta
1062 2271 1225 2356 Apostoli

268 2373 400 2438 monita
423 2374 583 2457 vigiletis,
608 2375 707 2440 stetis
726 2375 763 2439 in
789 2375 866 2454 fide,
886 2375 1028 2439 viriliter
1047 2375 1172 2456 agatis,
1190 2381 1226 2438 et

267 2472 516 2555 confortemini,
530 2497 573 2540 ne
589 2476 675 2541 forte
689 2476 933 2559 superveniens
949 2475 1067 2559 aliqua
1077 2476 1224 2541 tentatio
1234 2493 1265 2540 ao

266 2593 330 2640 vos
346 2575 522 2657 inparatos
539 2577 712 2659 inveniat3
735 2576 796 2641 sed
815 2594 980 2641 memores
1000 2576 1116 2658 potius
1136 2595 1225 2640 sem-

267 2695 328 2759 per
346 2677 439 2743 illius
465 2678 628 2743 dominici
648 2677 824 2762 praecepti,
842 2677 981 2760 vigilate
1001 2683 1038 2741 et
1057 2684 1165 2755 orate,
1181 2697 1225 2741 ne

265 2777 399 2843 intretis
424 2780 460 2844 in
487 2778 735 2847 tentationem'
777 2779 956 2844 Putabant
986 2785 1112 2857 autem,
1140 2778 1226 2861 quia

267 2900 334 2945 non
350 2882 459 2946 multo
472 2890 552 2947 ante
566 2882 773 2966 pestilentiae
789 2882 905 2947 clades
921 2889 957 2945 et
972 2898 1032 2944 eos
1046 2887 1082 2944 et
1096 2881 1224 2945 multos

267 2981 531 3067 circumquaque
548 2985 623 3048 lata
637 2984 731 3048 caede
749 2989 933 3059 straverat,
946 3001 1025 3046 eum
1043 2980 1086 3046 de
1106 2981 1265 3066 hujus-2⁶

265 3086 359 3149 modi
378 3087 482 3168 plaga
495 3086 570 3168 jam
589 3086 740 3150 reditura
762 3084 869 3150 fuisse
892 3085 1055 3148 locutum.
1098 3084 1148 3148 At
1166 3084 1224 3149 ille

266 3205 382 3250 rursus
395 3186 554 3251 adsumto
566 3206 732 3264 sermone,
746 3194 756 3223 ‘
770 3186 974 3266 Quondam,’
988 3184 1111 3269 inquit,
1125 3192 1223 3251 ‘cum

268 3286 379 3351 adhuc
402 3287 438 3350 in
460 3308 539 3352 mea
560 3290 751 3352 demorarer
776 3289 891 3353 insula
916 3288 1102 3367 solitarius,
1121 3308 1225 3354 vene·

267 3395 345 3452 runt
360 3387 403 3452 ad
422 3409 476 3452 me
494 3388 633 3471 quidam
653 3388 695 3453 de
713 3389 892 3453 Fratribus
907 3389 962 3453 die
977 3395 1098 3452 sancto
1116 3389 1224 3454 domi-

268 3489 354 3555 nicae
370 3488 589 3568 Natiuitatis
603 3492 838 3574 rogabantque
851 3497 890 3554 ut
904 3491 947 3554 de
962 3510 1039 3554 mea
1053 3491 1175 3556 casula
1190 3500 1225 3557 et
1236 3509 1267 3557 so

266 3592 444 3656 mansione
465 3592 641 3674 egrediens
662 3592 861 3656 sollemnem
882 3591 1030 3655 cumeis
1051 3597 1087 3654 et
1105 3592 1225 3657 laetum

267 3693 357 3758 diem
371 3698 479 3757 tantae
493 3693 726 3757 venerationis
741 3693 974 3775 transigerem,
991 3711 1133 3774 quorum
1149 3713 1225 3775 pre·

268 3796 364 3862 cibus
387 3794 521 3859 devotis
542 3796 768 3878 adquiescens
787 3792 996 3878 egrediebar,
1014 3800 1050 3858 et
1068 3796 1225 3858 consedi-

269 3917 344 3964 mus
360 3898 403 3962 ad
419 3897 551 3979 epulas.
596 3897 643 3961 At
663 3898 698 3961 in
718 3897 832 3962 media
849 3896 937 3961 sorte
951 3895 1135 3960 refectione
1151 3896 1224 3962 dixi

270 4001 315 4065 ad
343 4018 414 4077 eos,
441 3997 603 4077 Obsecro,
630 3999 780 4078 Fratres,
808 4006 908 4063 caute
935 4017 1077 4080 agamus
1101 4017 1166 4063 nos
1188 4009 1265 4065 etas

269 4101 459 4187 vigilanter,
482 4119 526 4164 ne
551 4119 613 4182 per
638 4101 803 4166 incuriam
829 4100 916 4165 forte
943 4106 977 4163 et
1003 4100 1222 4166 securitatem
