2850 4890
526 359 706 411 suoroun
724 361 814 412 vnn.
830 361 943 411 unns.
1148 344 1213 412 loa

256 511 457 580 inducamur
474 515 511 580 in
529 518 765 583 tentationem.
807 517 859 585 At
882 519 934 584 illi
953 522 1211 604 responderunt,
1223 527 1258 578 A·
1269 527 1302 578 D·
1314 531 1372 578 ⁶8⁵·

257 613 496 697 Obsecramus,
510 617 612 684 hodie
625 621 744 686 laetum
762 640 903 704 agamus
923 622 1024 701 diem,
1037 623 1122 707 quia
1136 623 1211 688 Na·

255 717 326 781 tale
340 727 395 784 est
409 719 549 784 Domini
566 721 716 787 nostri-J
718 742 780 787 esu
797 721 935 788 Christi.
977 723 1024 789 Et
1044 743 1119 806 ego,
1138 723 1208 802 Sic,

255 816 406 901 inquam,
418 820 598 887 faciamus.
644 822 798 907 Cumque
817 832 898 907 post
917 824 991 890 baec
1008 825 1209 908 aliquandiu

223 937 240 982 o
253 920 375 1002 epulis,
389 923 612 988 exsultationi
626 943 668 990 ac
681 924 808 990 fabulis
821 926 1083 1008 indulgeremus,
1094 946 1209 991 rursus

255 1022 436 1088 admouere
453 1025 556 1108 coepi,
579 1033 620 1090 ut
641 1025 781 1091 solliciti
805 1012 1050 1092 exsis'teremus
1074 1028 1111 1091 in
1133 1047 1209 1092 ora·

254 1123 406 1190 tionibus
429 1132 465 1190 et
486 1126 623 1209 vigiliis,
643 1133 747 1210 atque
770 1128 815 1191 ad
836 1147 954 1193 omnes
980 1129 1208 1193 tentationum

254 1224 412 1290 incursus
426 1228 552 1309 parati.
596 1226 643 1292 Et
655 1227 717 1305 illi,
732 1227 838 1306 Bene,
852 1229 1022 1311 inquiunt,
1037 1230 1208 1313 etoptime

254 1325 378 1408 doces;
401 1328 461 1392 sed
477 1336 602 1408 tamen,
618 1329 700 1412 quia
714 1329 893 1394 abundant
907 1329 981 1395 dies
989 1330 1207 1415 jejuniorum,

208 1446 242 1493 ιο
254 1428 419 1494 orationis
428 1429 775 1513 etvigiliarum,hodie
784 1430 995 1512 gaudeamus
1005 1432 1040 1495 in
1048 1431 1207 1496 Domino.

254 1531 347 1598 Nam
367 1540 403 1598 et
421 1534 574 1616 angelus,
587 1538 751 1597 nascente
773 1531 934 1610 Domino,
949 1534 1208 1615 evangelizabat

253 1635 451 1718 pastoribus
481 1635 643 1717 gaudium
668 1653 839 1717 magnum,
868 1635 960 1717 quod
989 1643 1082 1700 esset
1114 1636 1206 1700 omni

252 1737 382 1820 populo
407 1737 658 1802 celebrandum.
701 1735 748 1799 Et
766 1755 840 1819 ego,
860 1736 965 1816 Bene,
987 1737 1139 1821 inquam,
1155 1736 1206 1803 fa-

253 1839 384 1902 ciamus
406 1838 468 1902 sio.
513 1838 582 1906 Sed
605 1857 683 1902 cum
703 1837 922 1920 epulantibus
941 1837 1041 1903 nobis
1061 1846 1097 1903 et
1116 1839 1206 1904 diem

209 1940 370 2012 1slaetum
400 1939 616 2018 ducentibus,
645 1940 747 2004 tertio
778 1937 931 2023 ejusdem
963 1939 1205 2005 admonitionis

252 2041 359 2106 verba
377 2048 576 2122 repeterem,
595 2041 794 2106 intellexere
812 2040 874 2119 illi,
890 2042 972 2124 quia
990 2061 1058 2106 non
1080 2040 1206 2106 frustra

252 2142 328 2207 baec
352 2151 423 2208 tam
448 2143 603 2208 studiose
625 2162 851 2226 suggererem,
875 2153 910 2208 ct
934 2150 1206 2226 expavescentes

253 2245 425 2325 dicebant,
462 2246 644 2312 Faciamus
675 2253 716 2310 ut
747 2246 863 2324 doceS,
898 2246 981 2328 quia
1014 2245 1205 2310 necessitas

251 2366 379 2430 magua
394 2346 494 2412 nobis
515 2348 691 2424 incumbit,
705 2353 743 2411 ut
757 2354 876 2411 contra
892 2346 1038 2410 insidias
1053 2346 1206 2425 Diaboli,

207 2457 289 2515 aoet
310 2450 425 2513 omnia
447 2456 661 2514 tentamenta
682 2467 817 2531 semper
840 2448 985 2511 accincti
1003 2447 1207 2531 spiritaliter

253 2551 444 2633 vigilemus.
490 2549 578 2614 Haec
593 2550 712 2615 dicens
732 2569 794 2631 ego
808 2548 1016 2625 nesciebam,
1030 2550 1121 2613 siout
1141 2569 1205 2615 nec

251 2654 314 2731 illi,
338 2653 466 2735 aliquid
490 2651 590 2715 nobis
616 2670 834 2715 occursurum
857 2670 956 2715 novae
983 2649 1204 2731 tentationis;

251 2753 313 2818 sed
336 2760 470 2818 tantum
491 2752 657 2816 instinctu
680 2751 805 2816 mentis
827 2751 1022 2816 admonitus
1044 2770 1120 2814 sum
1143 2751 1204 2815 ad-

251 2876 372 2922 versus
385 2855 518 2920 subitas
529 2855 758 2918 tentationum
772 2855 940 2937 procellas
952 2861 1081 2918 statum
1092 2853 1204 2917 cordis

206 2978 386 3041 assemper
411 2974 487 3020 esse
511 2955 742 3020 muniendum.
787 2955 836 3019 At
860 2956 919 3019 ubi
945 2957 1073 3020 reversi
1095 2976 1117 3020 a
1138 2975 1204 3032 me,

250 3081 353 3126 mane
378 3058 422 3123 ad
448 3077 558 3137 suum,
581 3059 617 3122 id
640 3065 705 3134 est,
729 3056 1009 3122 Lindisfarnense
1033 3066 1205 3123 monaste-

249 3164 348 3239 rium,
356 3160 539 3237 redieruut,
549 3177 641 3235 ecce,
653 3158 821 3241 quendam
833 3158 875 3222 de
885 3159 958 3223 suis
972 3160 1089 3224 morbo
1097 3160 1204 3243 pesti-

249 3265 367 3330 lentiae
378 3262 505 3328 obiisse
515 3267 730 3345 repererunt3
753 3267 788 3324 et
800 3268 973 3326 crescente
986 3280 1026 3324 ac
1037 3262 1204 3326 saeviente

249 3385 312 3450 per
334 3365 420 3442 dies,
445 3363 514 3428 imo
540 3364 645 3429 etiam
669 3381 730 3446 per
754 3382 889 3426 menses
909 3372 944 3427 et
967 3382 1094 3427 annum
1116 3383 1205 3446 pene

206 3487 239 3533 so
250 3475 373 3544 totum,
387 3464 508 3530 eadem
522 3466 632 3542 clade,
646 3464 877 3528 nobilissimus
893 3463 949 3527 ille
964 3463 1106 3528 Patrum
1120 3464 1204 3529 Fra-

250 3577 409 3651 trumque
419 3574 530 3632 coetus
542 3567 747 3650 spiritalium
758 3585 845 3649 pene
855 3565 1034 3630 universus
1046 3565 1205 3648 migravit

250 3671 296 3736 ad
316 3669 512 3734 Dominum.
556 3668 602 3734 Et
617 3689 708 3735 nunc
729 3688 819 3751 ergo,
840 3668 989 3745 Fratres,
1008 3667 1148 3749 vigilate
1168 3674 1204 3731 et

249 3791 313 3838 vos
336 3772 372 3836 in
395 3771 618 3850 orationibus,
634 3776 674 3835 ut
692 3768 724 3834 si
748 3769 831 3853 quid
849 3768 948 3833 vobis
972 3767 1203 3834 tribulationis

248 3873 424 3957 ingruerit,
437 3892 500 3938 vos
508 3873 581 3957 Jam
597 3879 737 3955 paratos
750 3871 924 3936 inveniat.'

207 3995 238 4040 aa
296 3974 388 4058 §42
427 3973 516 4039 Haec
542 3974 677 4038 dicente
704 3973 893 4038 venerabili
924 3970 1079 4035 antistite
1111 3969 1202 4034 Cud·

131 4152 137 4162 ,
249 4080 377 4154 bercto,
395 4076 566 4154 rebantur,
585 4083 626 4140 ut
645 4074 811 4158 praefatus
833 4094 919 4153 sum,
934 4072 1074 4156 quiade
1091 4072 1202 4138 reditu
