2850 4890
248 342 312 408 104
541 358 635 407 vrri
653 357 683 405 s.
700 352 934 415 cunanncrr,
956 356 961 365 ‘

79 529 113 579 A.
124 530 221 580 masa
250 517 457 602 pestilentiae
484 517 622 582 diceret.
668 514 736 579 Sed
760 519 841 598 post
863 531 969 576 unum
992 510 1080 574 diem
1105 507 1206 573 adve-

250 620 349 683 niens
364 619 423 701 qui
437 616 570 700 fugerat
585 637 604 681 e
618 616 721 693 bello,
735 614 871 679 occulta
884 613 948 678 viri
962 611 1029 676 Dei
1042 609 1208 676 vaticinia

252 719 386 788 miseris
418 721 614 802 exponebat
648 716 804 800 eloquiis.
863 714 1121 795 Probatumque
1155 716 1208 773 est

250 821 329 904 ipsa
355 820 411 884 die
435 820 623 902 eademque
646 819 827 900 horaque
847 818 921 880 viro
942 814 1009 879 Dei
1024 813 1130 897 juxta
1146 829 1208 893 pu-

251 931 344 986 teum
362 922 470 987 stanti
491 922 682 987 revelatum
703 931 768 998 est,
782 918 883 983 caesis
899 913 1207 989 circumtutoribus,
1234 929 1248 974 t

251 1043 362 1106 regem
376 1023 494 1088 hostili
509 1023 624 1105 gladio
639 1021 746 1087 fuisse
760 1026 977 1104 prostratum.

544 1357 704 1424 CAPUT
727 1352 917 1421 XXVIII.

258 1528 416 1599 Quomodo
441 1528 635 1594 Herebercto
658 1527 852 1593 anachoritae
877 1525 993 1590 obitum
1016 1544 1104 1589 suum
1123 1544 1210 1610 pacm

294 1633 425 1711 dicerit,
458 1633 694 1718 comitatumque
722 1631 809 1695 illius
843 1651 865 1693 u
893 1627 1035 1692 Domino
1062 1623 1210 1713 precibus

296 1734 476 1799 obtinuerit.
1220 1745 1250 1791 ro

82 1950 158 2000 Ab.
171 1953 229 2000 aaa.
254 1939 272 2022 ᾖ
286 1937 340 2003 48.
363 1937 450 2002 Nou
467 1937 575 2001 multo
589 1944 669 2020 post
684 1945 845 2020 tempore,
859 1936 948 2000 idem
968 1932 1118 1998 famulus
1137 1932 1209 1996 Do-

82 2016 224 2108 lil‘lliril‘
253 2040 335 2104 mini
351 2038 564 2104 Gudberctus
580 2040 622 2103 ad
636 2041 780 2103 candem
793 2035 1019 2120 Lugubaliam
1034 2034 1210 2099 civitatem

253 2148 392 2224 rogatus
408 2139 559 2219 advenit,
578 2148 748 2223 quatenus
767 2140 896 2204 ibidem
916 2138 1112 2202 sacerdotes
1129 2155 1210 2200 con-.

254 2262 399 2321 sacrare,
414 2242 475 2306 sed
489 2249 524 2306 et
538 2243 648 2324 ipsam
664 2241 825 2323 reginam,
840 2240 922 2304 dato
935 2238 1063 2303 habitu
1078 2245 1209 2304 sanctae

253 2345 536 2423 conversationis
562 2344 762 2409 benedicere
790 2343 939 2407 deberet.
982 2340 1068 2405 Erat
1094 2348 1211 2404 antem
1222 2356 1251 2402 15

252 2447 429 2528 presbyter
457 2445 539 2509 vitae
568 2444 774 2510 venerabilis
808 2445 944 2507 nomine
977 2442 1209 2507 Hereberctus

248 2546 450 2631 jamdudum
470 2547 543 2611 viro
563 2545 630 2610 Dei
649 2544 841 2610 Gudbercto
859 2544 1024 2627 spiritalis
1048 2542 1210 2607 amicitiae

253 2646 382 2712 foedere
412 2646 606 2731 copulatus
666 2646 736 2726 Qui
761 2648 796 2711 in
826 2648 942 2712 insula
971 2645 1084 2728 stagni
1115 2644 1210 2709 illius

252 2749 462 2832 pergrandis,
477 2749 519 2812 de
535 2768 604 2832 quo
620 2749 899 2813 Dioruuentionis
915 2748 1011 2813 fluvii
1025 2747 1211 2830 primordia

253 2857 444 2934 erumpunt,
460 2852 567 2916 vitam
589 2851 777 2916 solitariam
792 2852 932 2928 ducens,
947 2851 1046 2914 annis
1062 2849 1251 2932 singulisne

256 2952 298 3015 ad
322 2972 398 3016 cum
421 2952 548 3031 venire,
563 2960 599 3017 et
617 2953 748 3017 monita
767 2954 870 3017 abeo
890 2960 1064 3036 perpetuae
1084 2951 1210 3016 salutis

255 3053 422 3136 accipere,
450 3062 685 3120 consueverat.
746 3055 816 3122 Hic
843 3076 920 3120 cum
950 3055 1104 3119 audisset
1132 3072 1211 3117 eum

254 3154 315 3219 illa
330 3155 364 3217 in
381 3154 522 3219 civitate
538 3154 760 3234 demoratum,
774 3157 870 3222 venit
885 3177 930 3220 ex
949 3176 1053 3234 more,
1066 3154 1209 3238 cupiens

254 3256 462 3320 salutaribus
478 3255 553 3340 ejus
569 3257 864 3322 exhortationibus
885 3257 930 3322 ad
949 3276 1096 3340 superna
1118 3256 1210 3320 desi-

254 3357 349 3421 deria
363 3357 471 3439 magis
489 3360 667 3442 magisque
684 3360 896 3425 inflammari.
942 3358 1012 3438 Qui
1029 3359 1110 3424 dum
1132 3377 1250 3422 sesam
1284 3384 1287 3391 ·

255 3459 456 3523 alterutrum
478 3460 631 3524 coelestis
651 3461 832 3543 sapientiae
849 3460 983 3544 poculis
1005 3461 1210 3538 debriarent,

255 3559 345 3623 dixit
377 3560 466 3625 inter
499 3561 571 3626 alia
599 3560 823 3641 CudberctuS,
856 3560 1076 3640 ‘Memento,
1103 3560 1210 3625 frater

297 3808 308 3839 ⁶
323 3804 497 3878 prosarium]
528 3811 577 3859 See
590 3810 626 3860 H.
637 3811 669 3860 E.
681 3811 715 3860 iv.
749 3811 801 3860 him
813 3825 856 3860 see
869 3813 906 3861 H.
918 3813 950 3860 E.
965 3812 999 3862 iv.
1014 3817 1055 3872 29,
1070 3814 1120 3861 and
1140 3813 1209 3863 Acta

290 3917 297 3929 .
747 3883 791 3930 SS.
813 3896 893 3932 mens.
918 3883 997 3932 Mart.
1026 3887 1086 3934 tom.
1115 3884 1152 3933 iii.
1181 3900 1207 3946 p.

297 3947 418 4000 ⁷Canu‘n
448 3945 596 4018 xxvr11.]
660 3951 715 3998 vit.
748 3955 804 4000 142.

256 4019 418 4085 Ananiam
784 4019 802 4049 ¹⁹
817 4020 1010 4072 Dioruuerrtiouir
1019 4020 1114 4092 fluuii]
1152 4025 1207 4075 The

292 4087 310 4118 ¹⁶
327 4085 505 4158 flambardus]
554 4090 713 4152 Concerning
748 4092 814 4140 river
824 4093 952 4144 Deruent.

255 3885 288 3930 26
