2850 4890
293 364 357 430 192
487 380 575 428 vsu.
594 378 703 428 nana
720 378 1060 444 canonicon,s1va

164 558 226 599 raso
293 539 465 622 Carthago
484 560 621 623 quoque
642 558 733 605 anno
752 540 967 605 excessionis
985 559 1059 604 suae
1080 552 1174 602 xcvr
1198 554 1246 600 re·

93 607 176 713 llldd.
192 609 277 714 cilll'l
292 649 394 724 cepta
417 649 481 719 est,
505 642 615 724 pulsis
641 641 854 725 devictisque
876 640 1060 718 Vandalis,
1079 645 1116 702 et
1136 638 1245 703 Gelis·

292 762 385 807 mero
407 763 485 824 rege
508 762 625 806 eorum
649 751 753 824 capto
773 740 1109 824 Constantinopolim
1129 741 1245 803 misso.

292 844 426 928 Corpus
441 844 555 908 sancti
571 841 715 907 Antonii
729 843 887 907 monachi
903 843 1020 908 divina
1039 838 1246 906 revelatione

289 953 460 1029 repertum
488 944 738 1010 Alexandriam
771 943 931 1020 defertur,
961 952 998 1008 et
1031 944 1068 1007 in
1098 942 1281 1007 ecclesian

290 1048 384 1112 beati
399 1047 545 1112 Joannis
563 1046 725 1128 baptistae
742 1045 912 1110 humatur.
956 1044 1148 1126 Dionysius
1167 1061 1246 1126 pas-
1328 1045 1331 1050 ’

291 1150 406 1215 chales
422 1149 540 1213 scribit
553 1147 710 1223 circulos,
723 1147 890 1228 incipiens
906 1146 950 1209 ab
962 1164 1054 1209 anno
1066 1144 1246 1208 dominicae

290 1250 534 1315 incarnationis
561 1265 721 1326 nxxxrr,
744 1248 805 1332 qui
826 1255 880 1312 est
903 1267 1015 1311 annus
1039 1246 1248 1311 Diocletiani

292 1368 478 1427 ccxcvrrr,
503 1358 583 1433 post
609 1351 826 1414 consulatum
847 1349 1027 1432 Lampadii
1048 1356 1084 1412 et
1102 1347 1248 1425 Orestis,

291 1471 359 1534 quo
385 1471 476 1515 anno
502 1450 622 1514 Codex
647 1451 888 1515 Justinianeus
913 1451 987 1515 orbi
1012 1449 1248 1532 promulgatus
1258 1466 1285 1511 ro

289 1559 353 1615 est.
396 1550 518 1616 Victor
543 1570 680 1633 quoque
704 1549 893 1632 Capuanus
913 1552 1097 1633 episcopus
1124 1550 1247 1613 librum
1329 1554 1332 1561 “

289 1653 332 1717 de
348 1653 486 1717 Pascha
501 1652 653 1716 scribens
665 1652 813 1717 Victorii
828 1654 941 1734 arguit
954 1670 1096 1716 errores.

98 1762 172 1808 ⁴⁵²⁹·
202 1763 261 1810 ⁵⁷8·
332 1753 492 1817 lustinus
505 1754 615 1817 minor
630 1755 730 1817 annis
747 1770 804 1817 xl.
847 1753 971 1817 Narsis
990 1752 1161 1816 Patritius
1179 1752 1247 1816 To·

289 1855 385 1918 tilam
401 1853 592 1918 Gothorum
611 1873 722 1936 regem
741 1855 778 1918 in
792 1854 898 1919 Italia
916 1854 1094 1936 superavit
1108 1861 1145 1918 et
1158 1855 1246 1918 occi-

288 1956 356 2035 dit;
390 1955 449 2037 qui
478 1954 613 2019 deinde·
627 1973 688 2037 per
716 1955 882 2019 invidiam
912 1954 1160 2032 Romanorum,
1185 1975 1283 2038 prou

289 2056 415 2140 quibus
424 2057 534 2120 multa
544 2063 663 2119 contra
673 2055 807 2120 Gothos
817 2057 1046 2134 laboraverat,
1060 2065 1245 2121 accusatus

289 2159 382 2240 apud
403 2156 580 2221 lustinum
604 2165 639 2221 et
666 2157 844 2241 conjugem
868 2157 942 2241 ejus
964 2157 1131 2239 Sophiam
1154 2159 1244 2241 quod

288 2259 428 2322 servitio
442 2265 609 2341 premeret
624 2258 773 2335 ltaliam,
788 2258 933 2322 secessit
947 2256 1133 2340 Neapolim
1145 2257 1245 2323 Cam·

287 2360 400 2441 paniae
413 2367 448 2422 et
459 2358 597 2440 scripsit
608 2359 702 2440 genti
715 2358 1027 2440 Longobardorum,
1038 2371 1078 2423 ut
1090 2361 1245 2425 venirent

288 2468 323 2524 et
342 2460 557 2543 possiderent
577 2459 726 2524 Italiam.
769 2459 924 2523 loannes
944 2458 1113 2524 Romanae
1137 2461 1281 2525 eccle-ao

288 2563 350 2626 siae
380 2562 534 2645 pontifex
564 2561 746 2626 ecclesiam
774 2561 1008 2643 apostolorum
1033 2560 1189 2644 Philippi
1210 2569 1245 2626 ct

286 2661 310 2726 J
312 2665 422 2741 acobi,
437 2683 540 2747 quarn
555 2663 787 2745 praedecessor
805 2662 880 2745 ejus
899 2661 1062 2744 Pelagius
1081 2670 1245 2745 coeperat,

287 2764 367 2828 fecit
383 2772 417 2828 et
431 2765 614 2829 dedicavit.
1078 2765 1080 2769 ’

329 2865 488 2929 Tiberius
518 2864 767 2930 Constantinus
798 2884 907 2930 annos
938 2883 1004 2929 v11.
1054 2864 1243 2948 Gregorius

287 2975 369 3031 tunc
389 2967 631 3050 apocrisiarius
651 2968 686 3029 in
707 2965 1016 3049 Constantinopoli,
1031 2976 1157 3048 postea
1171 2967 1281 3032 Ro-aa

286 3087 408 3131 manus
430 3068 623 3150 episcopua,
642 3068 747 3131 libros
769 3068 998 3149 expositionis
1016 3068 1052 3130 in
1072 3067 1142 3132 Job
1163 3089 1244 3134 con-

286 3169 383 3247 didit,
402 3177 437 3233 et
457 3169 664 3253 Eutychium
687 3169 840 3253 ejusdem
865 3170 959 3234 urbis
986 3170 1187 3251 episcopum
1207 3171 1242 3235 in

285 3270 351 3333 fide
377 3282 504 3335 nostrae
535 3272 791 3335 resurrectionis
820 3290 963 3346 errasse,
986 3270 1124 3334 Tiberio
1153 3290 1242 3353 prae-

285 3378 393 3448 sente,
407 3371 576 3452 convicit3
599 3373 650 3436 ita
669 3379 708 3435 ut
725 3371 802 3454 ipse
815 3369 995 3452 Augustus
1014 3371 1136 3434 librum
1155 3372 1243 3455 ejus,

285 3490 387 3554 quem
411 3471 454 3534 de
472 3473 724 3536 resurrectione
746 3471 898 3553 scripsit,
920 3472 993 3534 suis
1017 3491 1154 3554 quoque
1174 3471 1286 3538 Ca-ao

284 3571 422 3634 tholicis
437 3570 698 3652 allegationibus
714 3573 905 3648 destruens,
921 3571 1125 3637 deliberaret
1144 3572 1243 3638 flam-

284 3671 350 3734 mis
365 3672 507 3735 cremari
521 3672 692 3736 debuisse.
738 3672 897 3736 Docebat
917 3672 1006 3735 enirn
1025 3672 1117 3736 idem
1131 3672 1245 3759 Euty·

285 3771 381 3835 chius
402 3792 525 3854 corpus
544 3783 695 3837 nostrum
717 3774 752 3836 in
772 3774 832 3837 illa
852 3774 1110 3838 resurrectionis
1132 3777 1244 3856 gloria

284 3872 516 3955 impalpabile,
531 3882 566 3937 et
581 3875 693 3938 ventis
715 3895 860 3958 aereque
874 3876 1034 3940 subtilius
1052 3895 1128 3941 esse
1148 3878 1244 3943 sutu-

512 4089 532 4118 ²⁵
550 4089 746 4161 Anamares]
777 4095 854 4147 H.E.
866 4109 896 4158 rr,
908 4096 926 4144 i.
941 4097 1008 4159 §Bb
