2850 4890
433 392 485 442 no
505 394 759 445 neonuacruu
780 396 1031 446 nnrrsrrrau.
1138 369 1210 448 '225

247 559 456 638 protulerint
466 562 502 624 in
515 558 747 624 defensionem
759 560 1114 642 concupiscentiarum
1129 579 1208 623 sua·

252 676 326 722 rum
342 661 546 744 adscriptas,
562 679 603 725 ac
618 662 782 725 nobilium
796 679 1019 744 personarum
1038 661 1210 743 subscrip-

252 759 346 824 tione
365 763 593 840 confirmatas,
613 771 651 826 tu
671 783 857 846 nunquam,
877 783 1008 846 precor,
1028 762 1208 827 dominicae

252 864 442 928 sanctionis
472 866 697 942 obliviscaris,
726 867 762 929 in
791 886 861 949 qua
890 866 1025 941 dicitur,
1054 864 1208 927 ‘Omnis

222 981 237 1024 s
250 962 432 1044 plantatio,
444 984 545 1050 quam
559 985 626 1031 non
638 968 809 1051 plantavit
822 968 926 1031 Pater
936 985 1032 1031 meus
1046 966 1210 1042 coelestis,

252 1066 500 1132 eradicabitur!
545 1068 589 1132 Et
606 1077 696 1134 certe
716 1089 737 1133 a
757 1077 791 1134 te
813 1069 944 1133 discere
961 1069 1094 1144 vellem,
1110 1087 1209 1131 sanc-

252 1166 384 1232 tissime
411 1171 567 1249 antisteS,
592 1171 741 1234 Domino
766 1177 978 1254 protestante
999 1189 1040 1234 ac
1063 1169 1209 1245 dicente,

253 1275 264 1303 ‘
278 1267 370 1348 Quia
385 1272 460 1336 lata
473 1281 576 1355 porta
590 1281 624 1335 et
638 1274 794 1354 spatiosa
807 1273 866 1336 via
881 1280 945 1349 est,
959 1291 1037 1354 quae
1053 1270 1150 1335 ducit
1163 1271 1207 1334 ad

252 1372 487 1452 perditionem,
513 1381 548 1437 et
574 1374 671 1438 multi
696 1383 778 1438 sunt
798 1373 858 1458 qui
880 1375 1009 1438 intrant
1030 1392 1092 1458 per
1112 1393 1207 1453 eam;

203 1488 240 1534 ·1o
252 1490 330 1535 cum
351 1483 497 1555 angusta
517 1482 617 1558 porta
637 1483 672 1539 et
688 1483 783 1540 arcta
798 1477 856 1540 via
877 1477 933 1553 sit,
949 1496 1027 1557 quae
1048 1475 1144 1539 ducit
1163 1475 1205 1538 ad

252 1575 370 1653 vitam,
389 1583 425 1639 et
443 1578 547 1658 pauci
567 1577 637 1641 sint
657 1579 716 1661 qui
739 1578 919 1643 inveniant
942 1577 1039 1655 eam‚'
1059 1578 1141 1660 quid
1165 1578 1207 1641 de

252 1696 369 1740 eorum
395 1679 469 1741 vita
495 1679 551 1743 vel
578 1678 690 1744 salute
714 1686 843 1744 aetema
869 1680 1033 1774 confidas,
1050 1679 1110 1762 qui
1134 1687 1208 1743 toto

251 1779 334 1842 vitae
355 1799 428 1843 suae
450 1787 600 1863 tempore
615 1801 677 1863 per
694 1781 801 1845 latam
817 1789 952 1864 portam
968 1788 1002 1845 et
1017 1781 1208 1863 spatiosam

251 1881 346 1945 viam
365 1881 524 1945 incedere
540 1890 738 1960 noscuntur,
752 1890 787 1946 et
802 1903 844 1947 ne
857 1883 892 1945 in
906 1882 1055 1946 minimis
1070 1881 1208 1966 quidem

208 2000 239 2045 1⁵
252 1984 354 2046 rebus
369 1983 539 2065 voluptati
557 1992 648 2062 suae,
658 1985 713 2048 vel
734 1985 885 2066 corporis
900 1984 955 2049 vel
971 1984 1085 2060 animi,
1101 2003 1210 2047 causa

252 2104 411 2167 supernae
450 2086 695 2177 retributionis
720 2087 893 2150 'obsistere
927 2086 982 2150 vel
1019 2104 1209 2168 repugnare

252 2189 438 2268 curabant;
462 2189 529 2251 nisi
553 2188 642 2252 forte
667 2207 729 2271 per
746 2187 994 2271 eleemosynas,
1014 2207 1101 2271 quas
1121 2188 1210 2251 inter

249 2290 550 2372 concupiscentias
562 2289 781 2371 quotidianas
794 2309 836 2353 ac
851 2289 989 2353 delitias
1000 2290 1208 2372 pauperibus

252 2390 333 2456 dare
347 2392 561 2469 videbantur,
572 2392 770 2456 criminibus
786 2391 919 2456 absolvi
936 2411 1038 2474 posse
1050 2391 1208 2455 credendi

207 2511 240 2556 ao
252 2502 344 2569 sunt,
359 2513 465 2576 quum
479 2514 602 2558 manus
617 2494 694 2576 ipsa
706 2502 741 2558 et
754 2494 975 2572 conscientia,
991 2512 1069 2576 quae
1084 2512 1207 2556 munus

251 2593 372 2658 oderat
386 2593 473 2671 Deo,
487 2595 615 2658 munda
630 2614 651 2659 a
667 2594 820 2677 peccatis
836 2613 912 2657 esse
924 2594 1048 2658 debeat
1062 2601 1097 2658 et
1108 2595 1207 2657 abso-

251 2695 337 2773 luta,
349 2703 411 2759 aut
421 2703 512 2760 certe
524 2716 586 2778 per
597 2696 761 2779 mysteria
770 2704 1000 2761 sacrosanctae
1012 2696 1208 2773 oblationis,

251 2799 377 2881 quibus
396 2799 475 2880 ipsi,
490 2797 570 2861 dum
586 2799 751 2876 viverent,
764 2798 896 2879 indigni
916 2798 1134 2875 exstiterant,
1148 2816 1209 2879 per

252 2900 339 2964 alios
350 2899 425 2984 jam
438 2900 562 2963 mortui
578 2899 696 2964 redimi
711 2918 815 2982 posse
830 2898 993 2982 sperandi
1009 2900 1112 2963 sunt‘l
1151 2897 1208 2962 An

208 3019 240 3065 as
253 3001 339 3066 sorte
358 3002 428 3065 illis
445 3001 762 3084 permodica-eulpa
775 3000 912 3065 videtur
932 3020 1008 3064 esse
1028 3000 1209 3082 concupis-

252 3104 400 3168 centiael
445 3103 499 3168 De
528 3123 598 3186 qua
625 3103 731 3187 paulo
760 3103 866 3168 latius
891 3104 1073 3185 disputem.
1119 3102 1209 3166 Haec

252 3206 398 3271 Balaam
427 3205 537 3270 virum
565 3203 755 3288 prophetie
782 3204 906 3288 spiritu
928 3204 1164 3287 plenissimum
1187 3224 1210 3268 a

251 3319 343 3372 sorte
367 3316 563 3373 sanctorum
588 3307 671 3371 fecit
695 3314 873 3370 extorrem.
917 3303 1040 3369 Achan
1059 3325 1209 3369 commu-

251 3411 354 3473 nione
375 3408 604 3474 anathematis
624 3407 749 3491 polluit
769 3427 810 3471 ec
832 3407 992 3490 perdidit,
1009 3407 1092 3472 Saul
1113 3407 1208 3490 regni

209 3530 242 3574 ao
252 3511 369 3574 infulis
385 3509 540 3587 nudavit,
552 3508 651 3574 Gieui
662 3508 850 3591 prophetiae
864 3509 994 3573 meritis
1006 3510 1156 3591 privavit
1167 3529 1209 3574 ac

252 3619 427 3695 perpetuae
451 3610 557 3693 leprae
582 3616 681 3693 peste
707 3630 785 3673 cum
811 3629 874 3673 suo
901 3612 1029 3674 semine
1055 3611 1210 3688 soedavit,

251 3712 275 3777 J
277 3713 381 3777 udam
402 3712 603 3777 Iscariotem
619 3713 662 3774 de
678 3712 896 3794 apostolatus
911 3712 1019 3795 gloria
1039 3712 1210 3795 deposuit,

253 3815 426 3879 Ananiam
454 3821 489 3879 et
514 3812 730 3896 Sapphiram,
756 3813 799 3876 de
825 3814 950 3895 quibus
974 3812 1210 3896 praediximus,

295 4139 305 4166 ⁴
324 4131 429 4200 omnis]
447 4139 485 4188 sr.
500 4138 577 4186 Mau
590 4151 634 4187 xv.
650 4140 690 4185 1³.
789 4135 799 4164 ⁸
817 4132 901 4206 osu]
923 4137 960 4188 st.
974 4138 1051 4187 Matr.
1063 4139 1107 4190 vii.
1124 4143 1162 4189 rs.

253 4241 343 4288 roni.
361 4241 402 4286 11.
928 4239 949 4302 Q
