2850 4890
416 386 602 435 uuerdan
619 385 709 434 vau.
727 385 839 434 unns.
1042 369 1107 433 111

146 546 291 611 transire
302 547 347 611 ad
359 547 448 612 alios
459 546 541 613 licet
549 547 574 611 l’
611 546 681 627 Qui
692 546 971 630 circumspiciens
982 547 1108 624 omnia,
1124 556 1157 607 Α.
1169 555 1271 606 ussa.

145 648 234 712 vidit
260 649 437 714 mulierem
474 650 606 712 eminus
635 657 796 727 stantem,
826 668 918 732 quae,
952 649 1106 713 extincto

146 750 253 832 paulo
269 759 351 816 ante
364 751 446 829 filio,
460 750 599 815 fratrem
613 750 688 834 ejus
704 749 778 834 jam
798 752 897 815 morti
911 749 1106 833 proximum

148 854 289 917 tenebat
302 853 338 917 in
352 854 523 931 manibus,
537 851 755 935 lacrimisque
775 851 899 916 faciem
915 851 1105 933 rigantibus

115 972 131 1015 s
147 954 357 1034 praeteritam
371 955 499 1036 pariter
513 961 550 1018 et
563 961 769 1037 praesentem
784 954 976 1018 testabatur
986 972 1107 1016 aerum·

147 1073 240 1118 nam.
284 1052 399 1132 Quam
414 1075 492 1119 cum
503 1055 578 1120 viro
590 1053 656 1118 Dei
668 1054 874 1131 ostenderet,
888 1054 937 1117 nil
952 1062 1106 1118 moratus

147 1155 206 1220 ille
230 1157 379 1219 accessit
398 1154 441 1220 ad
460 1175 548 1234 eam,
563 1164 599 1220 et
614 1154 820 1219 benedicens
837 1155 932 1219 dedit
951 1156 1106 1219 osculum

148 1274 268 1338 puero,
279 1256 436 1340 dixitque
449 1257 494 1321 ad
508 1264 662 1335 matrem,
675 1256 751 1321 ‘Ne
763 1256 897 1336 timeas,
908 1277 971 1321 uec
981 1263 1107 1321 moesta

150 1358 219 1438 sis;
241 1359 421 1423 sanabitur
443 1358 534 1422 enim
553 1365 588 1422 et
610 1343 704 1423 vivet
728 1357 853 1436 infans,
880 1378 991 1441 neque
1014 1359 1108 1423 ullus

104 1477 137 1523 10
150 1459 241 1523 ultra
260 1459 303 1522 de
324 1459 425 1522 domo
447 1465 509 1523 tua
527 1459 593 1523 hac
607 1460 827 1524 mortalitatis
841 1466 939 1542 peste
953 1458 1109 1525 deficiet.’

151 1559 260 1642 Cujus
292 1561 482 1644 prophetiae
509 1561 647 1626 veritati
677 1561 756 1644 ipsa
788 1580 866 1624 oum
898 1562 967 1626 filio
999 1569 1110 1626 mater

151 1662 262 1727 multo
277 1662 403 1728 exinde
416 1670 569 1746 tempore
584 1665 706 1729 vivens
721 1663 953 1728 testimonium
968 1664 1085 1728 dabat.

443 2001 604 2066 CAPUT
627 1999 818 2068 XXXIV.

190 2170 341 2248 Qualiter
354 2172 489 2235 animam
504 2172 674 2259 cujusdam,
690 2173 744 2258 qai
758 2172 797 2236 de
810 2171 921 2237 arbore
935 2174 1074 2237 cadendo

108 2291 140 2336 15
282 2284 418 2338 mortum
433 2284 488 2355 est,
503 2276 549 2338 ad
561 2275 666 2339 crelam
672 2275 760 2362 ferri
774 2277 979 2361 comparuerit.

154 2475 173 2559 ᾖ
187 2475 242 2539 54.
265 2474 445 2540 quuuuh
461 2476 542 2540 dum
558 2478 722 2561 praescius
737 2478 842 2544 vicini
858 2479 912 2542 sui
929 2480 1044 2544 obitus
1059 2479 1112 2545 vir
1128 2496 1270 2538 hrevelauon

1128 2549 1189 2588 made
1199 2553 1220 2587 lo
1229 2547 1282 2587 him.

155 2576 296 2642 Domini
312 2576 525 2643 Gudberctus
540 2580 615 2663 jam
630 2580 841 2646 decrevisset
861 2582 986 2659 anim0,
1005 2582 1110 2664 depo-

106 2708 108 2713 ·
154 2681 224 2745 sita
252 2699 334 2744 cura
361 2682 546 2762 pastoralis
571 2681 683 2760 officii,
712 2683 902 2748 solitariam
928 2683 1038 2747 redire
1066 2683 1110 2747 ad

153 2782 273 2860 vitam,
302 2790 474 2865 quatenus
509 2802 657 2848 excussa
687 2784 920 2848 sollicitudine
957 2791 1111 2861 externa,

112 2885 246 2948 aointer
265 2883 375 2949 libera
394 2886 586 2949 orationum
605 2893 641 2950 et
661 2887 864 2970 psalmodiae
885 2886 1001 2950 studia
1022 2886 1111 2949 diem

156 2985 287 3064 mortis,
315 2985 371 3050 vel
404 2986 522 3068 potius
546 2988 630 3053 vitae
659 2988 824 3067 coelestis,
857 2989 1113 3070 praestolaretur

155 3087 367 3169 ingressum;
388 3089 499 3153 voluit
522 3090 629 3172 prius,
651 3108 722 3153 non
746 3090 857 3154 solum
879 3109 944 3154 sua
969 3089 1113 3153 circuita

155 3189 333 3272 parochia,
348 3189 409 3254 sed
431 3199 468 3254 et
489 3189 567 3254 aliis
589 3191 682 3255 circa
704 3190 855 3255 fidelium
875 3190 1112 3255 mansionibus

156 3290 319 3369 visitatis,
343 3298 486 3355 cunctos
512 3292 708 3356 necessario
734 3291 983 3356 exhortationis
1008 3293 1113 3357 verbo

115 3391 370 3469 reconfirmare,
407 3410 449 3456 ao
483 3393 534 3456 sio
567 3393 643 3476 ipse
677 3391 882 3456 desideratae
916 3392 1114 3456 solitudinis

159 3492 285 3576 gaudio
316 3493 467 3559 refoveri.
528 3491 631 3572 Quod
659 3494 741 3556 dum
771 3499 897 3575 ageret,
924 3500 1063 3574 rogatus
1092 3513 1114 3557 a

158 3594 375 3660 nobilissima
388 3601 424 3659 et
437 3595 656 3661 sanctissima
668 3595 799 3677 virgine
813 3593 941 3659 Christi
955 3594 1113 3658 AElflaede
1138 3588 1143 3595 ’

161 3696 351 3774 abbatissa,
365 3695 464 3780 eujus
479 3698 635 3781 superius
654 3698 851 3762 memoriam
869 3697 946 3776 feci,
960 3696 1056 3761 venit
1070 3695 1115 3760 ad

161 3797 418 3880 possessionem
439 3798 637 3862 monasterii
658 3798 781 3882 ipsius,
794 3804 966 3882 quatenus
987 3796 1115 3862 ibidem

355 4118 374 4178 ²⁷
390 4115 525 4190 vAEljioede.]
543 4123 593 4177 See
605 4123 688 4185 Capp.
701 4123 768 4172 xxiii
779 4122 830 4172 and
843 4122 915 4171 xxiv.
