2850 4890
212 339 278 405 218
479 354 667 404 arrsronn
686 354 772 402 van.
793 353 901 403 aron

209 516 368 582 cursione
391 523 561 582 tueantur.
607 514 710 595 Quod
734 515 825 581 euim
847 523 947 600 turpe
966 522 1024 581 eet
1044 516 1170 594 dicere,

211 625 263 683 tot
278 619 343 683 sub
357 619 494 682 nomine
514 617 797 682 monasteriorum
816 617 895 683 loca
912 617 959 696 hi,
969 617 1032 702 qui
1052 637 1170 682 turona¹

209 719 316 786 cbicae
341 718 425 785 vitae
445 737 585 802 prorsus
608 726 691 784 sunt
710 725 869 802 expertes
892 718 929 783 in
948 738 1048 784 suam
1067 719 1171 784 ditio·

209 841 285 886 nem
300 829 519 906 acceperunt,
530 822 621 886 sicut
631 821 700 905 ipsi
714 820 835 887 melius
847 820 969 899 nostis,
979 828 1021 885 ut
1030 821 1170 886 omnino

209 923 301 988 desit
317 922 427 1002 locus,
441 922 502 987 nbi
521 921 583 987 filii
596 921 761 987 nobilium
776 931 838 989 aut
851 923 1069 988 emeritorum
1082 922 1171 987 mili-
1194 942 1208 985 a

210 1032 283 1089 tum
308 1026 563 1109 possessiouem
586 1024 743 1108 accipere
762 1024 919 1108 possint:
940 1023 1090 1108 ideoque
1108 1043 1170 1090 va-

208 1133 328 1192 cantes
340 1147 382 1192 ac
393 1127 468 1193 sine
479 1126 649 1211 conjugio,
660 1135 786 1192 exacto
800 1133 955 1210 ternpore
965 1127 1170 1210 pubertatis,

209 1228 303 1292 nullo
319 1230 539 1294 continentiae
553 1229 730 1312 proposito
744 1227 938 1312 perdurent,
952 1234 1060 1311 atque
1079 1226 1171 1292 banc

208 1330 254 1393 ob
268 1348 339 1394 rem
352 1330 408 1394 vel
423 1329 573 1413 patriam
588 1349 698 1408 suam,
712 1347 774 1412 pro
793 1347 863 1412 qua
877 1328 1028 1394 militare
1043 1328 1170 1393 debue-

207 1437 297 1508 rant,
312 1443 405 1495 trans
426 1449 519 1495 mare
541 1432 706 1496 abeuntes
724 1429 941 1514 relinquant;
962 1429 1022 1497 rel
1037 1431 1168 1514 majora
1179 1448 1208 1494 ra

208 1531 336 1596 scelere
361 1538 466 1615 atque
492 1531 717 1614 impudentia,
739 1532 800 1615 qui
821 1531 1040 1615 propositum
1063 1532 1170 1598 casti·

208 1633 293 1697 tatis
318 1653 387 1699 non
412 1634 552 1712 habent,
576 1633 722 1698 luxuriae
745 1652 787 1699 ac
812 1632 1033 1699 fornicationi
1053 1634 1169 1699 deser·

208 1733 316 1814 viant,
344 1755 456 1821 neque
489 1737 534 1802 ab
566 1736 652 1819 ipsis
684 1736 831 1800 sacratis
865 1735 943 1801 Deo
977 1734 1169 1819 virginibus

208 1838 417 1903 abstineant.

251 1938 336 2022 §la
358 1937 408 2004 At
427 1939 488 2004 alii
507 1939 662 2022 graviore
681 1937 792 2005 adhuc
811 1938 953 2021 flagitio,
967 1952 1076 2022 quum
1096 1939 1206 2003 eiutrs

208 2038 277 2121 ipsi
298 2040 380 2104 laici
395 2049 429 2105 et
442 2042 571 2105 nullius
584 2041 667 2106 vitae
682 2041 846 2125 regularis
861 2040 917 2108 vel
929 2054 997 2107 usu
1010 2041 1168 2119 exerciti,

208 2139 264 2205 vel
287 2160 401 2207 amore
427 2143 574 2226 praediti,
599 2143 683 2208 data
706 2143 843 2226 regibus
865 2142 1025 2226 pecnnia,
1048 2148 1167 2206 emunt

208 2245 275 2308 sibi
289 2245 355 2310 sub
369 2253 541 2328 praetcxtu
557 2244 842 2309 monasteriorum
859 2243 1167 2310 construendorum

208 2347 390 2424 territoria,
410 2346 446 2410 in
467 2347 593 2431 quibus
614 2365 687 2410 suae
711 2345 851 2411 liberius
872 2352 999 2413 vacent
1021 2345 1167 2427 libidini,

207 2457 243 2513 et
271 2447 345 2514 haec
371 2449 512 2532 insuper
540 2449 577 2513 in
600 2447 660 2532 jus
689 2447 756 2513 sibi
781 2447 1022 2514 hereditarium
1044 2447 1205 2517 edictisrr

206 2550 378 2632 regalibus
405 2550 538 2616 faciunt
572 2550 709 2627 ascribi,
738 2550 836 2634 ipsas
865 2567 1003 2633 quoque
1032 2547 1166 2614 litteras

209 2651 465 2734 privilegiorum
478 2670 628 2729 suorum,
641 2651 743 2734 quasi
759 2652 925 2716 veraciter
940 2651 1017 2715 Deo
1033 2650 1167 2732 dignas,

208 2753 419 2834 pontificum,
429 2754 594 2818 abbatum
605 2760 640 2818 et
650 2761 863 2837 potestatum
876 2752 997 2831 seculi,
1005 2752 1168 2816 obtinent

208 2855 459 2938 subscriptione
487 2854 692 2920 confirmari.
740 2855 866 2938 Sioque
895 2853 1071 2936 usurpatis
1100 2854 1168 2919 sibi

207 2957 363 3040 agellulis
378 2957 452 3022 sive
468 2957 566 3033 vicis,
580 2955 676 3020 liberi
691 2955 819 3021 exinde
840 2975 863 3019 a
880 2954 997 3020 divino
1009 2955 1114 3021 simul
1131 2961 1203 3027 etas

206 3057 355 3123 bumana
368 3048 521 3135 servitio,
535 3058 608 3122 suis
625 3063 760 3121 tautum
778 3056 863 3121 inibi
882 3056 1063 3121 desideriis
1081 3056 1164 3122 laici

205 3157 383 3223 monacbis
409 3161 619 3242 imperantes
646 3159 863 3240 deserviunt;
895 3159 963 3223 imo
992 3177 1063 3222 non
1091 3177 1165 3223 mo-

206 3259 335 3323 nachos
350 3259 398 3323 ibi
413 3267 631 3342 congregant,
644 3260 705 3325 sed
721 3279 945 3344 quoscunque
963 3261 1008 3327 ob
1025 3260 1165 3344 eulpam

207 3360 448 3425 inobedientiae
477 3363 567 3428 veris
596 3361 762 3446 expulsos
788 3361 1008 3428 monasteriis
1037 3363 1165 3428 alicubi

205 3461 291 3527 forte
300 3463 496 3530 oberrantes
507 3465 781 3544 invenerint,aut
792 3484 937 3532 evocare
945 3466 1203 3531 monasteriisao

205 3563 274 3646 ipsi
289 3563 482 3647 valuerint3
504 3567 559 3633 vel
579 3575 671 3632 certe
692 3587 780 3651 quos
799 3567 868 3651 ipsi
883 3565 926 3630 de
941 3566 1015 3630 suis
1030 3567 1164 3632 satelli·

204 3665 296 3729 tibus
325 3665 369 3730 ad
397 3667 653 3750 suscipiendam
683 3677 870 3746 tonsuram,
898 3668 1069 3751 promissa
1096 3669 1163 3734 sibi

204 3766 400 3832 obedientia
414 3769 627 3848 monachica,
641 3771 788 3835 invitare
803 3770 985 3854 quiverint
1027 3770 1162 3835 Horum

204 3867 358 3932 distortis
377 3869 584 3948 cohortibus,
603 3891 697 3949 suas,
717 3891 806 3954 quas
830 3872 1033 3948 instruxere,
1053 3871 1162 3936 cellas

238 4117 255 4147 ²¹
275 4121 380 4170 Litteras
389 4122 586 4184 privilegiorum]
615 4124 664 4172 See
701 4125 757 4174 AEvi
773 4126 905 4189 Saxonici,
918 4127 969 4176 vol.
982 4126 999 4176 i.
1019 4126 1119 4176 Introd.
1135 4143 1161 4190 p.

205 4190 336 4240 Kemble’s
361 4193 449 4242 Codex
476 4194 664 4255 Diplomaticus
701 4196 744 4245 vii.
