2850 4890
402 379 452 426 nn
469 378 542 427 snx
562 378 761 429 hramnus
780 378 930 428 sneunr.
1075 363 1140 430 187

184 542 275 601 terra
295 544 335 601 ut
354 545 445 617 ante,
465 537 674 621 pulvereum,
694 539 752 604 sed
775 558 863 603 saxo
886 537 1033 602 solidum
1052 540 1140 604 inter

185 639 356 717 civitates,
377 659 457 723 quae
474 639 602 704 ibidem
619 640 665 703 ob
687 648 813 705 metum
832 641 983 706 hostium
1002 641 1140 707 inerant

159 779 168 791 -
182 737 298 816 iactae,
313 760 336 804 a
349 740 436 813 mari
450 759 560 825 usque
574 741 618 805 ad
631 760 724 806 maro
739 742 919 807 collocant
964 743 1031 807 Sed
1051 752 1087 808 et
1103 745 1139 808 in

183 839 283 905 litore
305 841 494 906 meridiano
518 843 632 919 maris,
656 842 739 927 quia
757 850 792 907 et
812 843 891 906 indo
911 843 1021 908 hostis
1042 845 1139 910 time-

155 942 294 1020 shatur,
313 950 424 1008 turres
445 963 506 1027 per
527 943 711 1008 intervalla
733 945 776 1008 ad
799 952 1017 1028 prospectum
1035 947 1138 1010 maris

183 1050 359 1125 statuuut3
381 1045 432 1109 sic
447 1045 647 1110 valedicunt
660 1046 764 1109 sociis
781 1054 947 1128 tauquam
961 1047 1053 1111 ultra
1069 1067 1137 1111 non

182 1145 358 1209 reversuri.

228 1244 427 1310 Bonifacius
450 1245 573 1310 Romae
591 1246 774 1329 episcopus
791 1247 874 1312 secit
889 1248 1085 1314 Oratorium
1102 1251 1137 1315 in

183 1347 378 1411 coemeterio
407 1354 538 1410 sanctae
568 1347 773 1426 Felicitatis,
799 1358 835 1412 et
861 1352 996 1415 ornavit
1023 1353 1138 1435 sepul-

139 1466 170 1511 ιο
183 1447 300 1511 chrum
319 1448 394 1531 ejus
414 1456 448 1513 et
468 1449 580 1512 sancti
593 1449 745 1532 Sylvani.
791 1450 1024 1534 Hieronymus
1044 1472 1137 1536 pres·

182 1550 283 1632 byter
292 1550 378 1614 obiit
389 1551 745 1616 duodecimoHonorii
756 1572 847 1616 anno
858 1554 968 1637 pridie
979 1555 1138 1619 calenda·

181 1649 1136 1740 rumOctobrium,annoaetatissuaeuonagesimoprimo.

225 1751 439 1817 Theodosius
453 1754 571 1830 minor,
583 1752 725 1818 Arcadii
738 1755 831 1819 filius
845 1757 945 1820 annis
962 1773 1019 1819 xx
1036 1764 1071 1821 et
1086 1774 1135 1822 vr.

181 1851 450 1919 Valentinianus
468 1854 585 1938 junior
614 1855 810 1921 Constantii
836 1858 927 1922 filius
957 1857 1136 1923 Ravennae

138 1956 365 2038 reimperator
387 1964 530 2021 creatur.
573 1957 732 2022 Placidia
753 1967 864 2024 mater
880 1960 954 2044 ejus
976 1960 1137 2043 Augusta

181 2063 408 2140 nuncupatur.
452 2057 566 2122 Effera
580 2078 663 2140 gens
674 2059 921 2137 Vandalorum,
936 2060 1136 2140 Alanorum,

182 2168 219 2223 et
240 2158 429 2224 Gothorum
451 2160 497 2224 ab
519 2159 690 2242 Hispanis
713 2161 755 2225 ad
779 2159 931 2226 Africam
953 2164 1136 2241 transiens,

182 2261 298 2325 omnia
327 2259 427 2338 semo,
459 2261 608 2337 flamma,
635 2261 776 2343 rapinis,
806 2262 908 2326 simul
940 2271 976 2327 et
1003 2265 1136 2329 Ariana

180 2363 357 2446 impietate
371 2361 534 2441 foedavit3
557 2363 620 2426 sed
633 2363 756 2427 beatus
767 2363 983 2445 Augustinus
999 2364 1135 2448 Hippo-

1157 559 1340 652 limmata

1156 666 1231 714 42⁷⁷.
1262 667 1322 715 426.

1155 1775 1228 1822 4403.
1260 1775 1319 1821 loa.

137 2484 169 2528 so
180 2465 298 2529 nensis
314 2463 497 2546 episcopus
512 2472 548 2528 et
567 2465 717 2528 omnium
732 2466 851 2530 doctor
865 2465 1011 2529 eximius
1027 2467 1136 2532 eccle·
1175 2497 1179 2506 ·

183 2566 321 2642 siarum,
347 2585 390 2628 ne
418 2564 572 2629 civitatis
600 2584 672 2629 suae
701 2566 835 2631 ruinam
864 2568 1005 2645 videret,
1035 2570 1135 2633 tertio

182 2666 371 2732 obsidionis
380 2665 454 2749 ejus
464 2687 580 2732 mense
589 2668 748 2750 migravit
757 2669 801 2734 ad
811 2667 1006 2747 Dominum,
1015 2671 1135 2752 quinto

182 2769 348 2834 calendas
368 2768 598 2852 Septembres
611 2790 688 2835 cum
708 2771 855 2836 vixisset
873 2771 973 2836 annis
992 2788 1136 2853 nxxvr3

181 2870 217 2933 in
233 2869 396 2934 clericatu
412 2878 538 2949 autem,
551 2872 607 2936 vel
621 2873 823 2956 episcopatu
839 2892 947 2938 annos
962 2872 1066 2937 ferme
1082 2891 1135 2937 xi

138 2991 170 3034 as
182 2972 399 3054 complesset,
419 2990 489 3054 quo
508 2978 659 3054 tempore
682 2973 846 3061 Vandali,
867 2982 971 3056 capta
994 2973 1137 3039 Cartha·

182 3074 271 3156 gine,
292 3073 446 3138 Siciliam
467 3093 605 3158 quoque
630 3075 846 3154 deleverunt3
869 3076 968 3160 cujus
991 3077 1137 3159 captivi·

182 3177 267 3241 tatis
281 3177 515 3242 Paschasiuus
530 3175 755 3260 Lilybetauus
770 3180 916 3242 antistes
930 3179 964 3240 in
979 3179 1137 3261 epistola,

181 3299 286 3361 quam
311 3279 354 3343 de
379 3281 512 3344 ratione
536 3278 692 3362 paschali
720 3299 822 3364 papae
852 3279 961 3344 Leoni
986 3280 1136 3363 scripsit,

181 3382 344 3445 meminit.

137 3501 171 3546 so
222 3480 278 3546 Ad
298 3482 436 3547 Scottos
454 3482 490 3546 in
511 3482 684 3547 Christum
708 3483 895 3562 credentes
919 3484 1096 3549 ordinatus
1115 3504 1136 3548 a

182 3604 276 3667 papa
297 3583 471 3649 celestino
491 3584 682 3661 Palladius,
701 3584 831 3668 primus
855 3586 1038 3669 episcopus
1059 3587 1136 3649 mit-

181 3687 265 3751 titur
282 3706 372 3751 anno
395 3686 582 3750 Theodosii
603 3695 739 3751 octavo.
784 3685 981 3751 Reccdente
1001 3708 1023 3751 a
1046 3687 1136 3751 Brit-

182 3789 278 3854 tania
302 3789 462 3853 Romano
488 3789 654 3865 exercitu,
681 3790 819 3872 cognita
845 3789 953 3853 Scotti
981 3797 1016 3851 et
1044 3788 1136 3853 Picti

182 3889 312 3954 reditus
323 3889 556 3972 denegatione,
568 3889 711 3953 redeunt
721 3890 801 3973 ipsi,
815 3896 969 3954 ettotam
981 3889 1024 3953 ab
1039 3890 1137 3971 aqui-

414 4108 434 4137 ³⁰
449 4109 490 4158 Ad
500 4103 618 4176 Scottus]
639 4109 675 4158 H.
689 4109 721 4158 E.
736 4111 760 4169 l,
774 4109 830 4158 xlii.
843 4105 856 4173 ξ
869 4111 909 4159 32.
