2850 4890
267 339 334 403 314
651 349 865 399 aernnurx.

267 501 440 571 simoniaco,
465 507 535 580 post
557 499 671 579 aliquot
698 519 815 560 menses
840 508 965 571 mortno,
989 519 1041 560 rex
1068 500 1226 581 praedictus

267 587 439 646 Willelmns
464 586 501 645 de
528 585 641 656 Scotia,
667 605 816 666 quocum
840 588 971 645 exercitu
992 587 1078 657 ierat,
1099 587 1225 658 rediens,

269 671 468 730 Dunbelmum
486 672 615 740 intravit,
635 679 666 729 et
684 671 838 750 diligenter
856 671 1038 750 interrogans
1057 691 1096 731 au
1117 693 1223 752 corpus

267 758 346 816 beati
360 757 516 817 Cutbberti
527 756 636 816 ibidem
645 758 852 836 requiesceret,
864 759 980 817 cunctis
995 758 1225 818 vociferantibus

267 851 298 901 et
313 843 481 921 jurantibus
504 842 567 901 illid
589 843 629 901 ibi
652 842 764 912 baberi,
788 842 908 902 credere
933 844 1037 903 noluit.
1084 842 1225 903 Decrevit
1249 862 1261 904 5

267 947 337 1005 ergo
365 947 425 986 rem
453 928 518 988 visu
546 928 710 1006 explorare,
737 928 850 986 habeus
879 947 982 987 seeum
1009 927 1169 1009 episcopos
1195 942 1225 989 et

267 1015 390 1072 abbates
405 1014 466 1092 qui,
481 1032 517 1072 eo
531 1013 666 1091 jubente,
682 1013 712 1072 id
726 1011 868 1072 deberent
886 1013 1026 1093 perficere
1035 1033 1044 1083 ς
1062 1015 1130 1091 jam
1148 1015 1223 1073 enim

267 1099 455 1178 disposuerat
468 1108 511 1169 ut,
527 1099 553 1156 si
571 1107 706 1157 sanctum
719 1099 760 1156 ibi
774 1117 880 1178 eorpus
895 1100 1046 1158 inventum
1060 1116 1120 1157 uon
1134 1108 1223 1171 esset,

267 1185 424 1244 nobiliores
437 1191 467 1242 et
481 1192 550 1242 natu
567 1186 692 1263 majores
703 1185 855 1243 universos
865 1185 1034 1243 obtruncari
1043 1185 1222 1264 praeciperet.

266 1269 412 1329 Omnibus
440 1269 539 1348 itaque
566 1267 741 1349 paventibus
769 1277 800 1327 et
828 1268 886 1328 Dei
913 1269 1146 1329 misericordiam
1174 1285 1261 1350 perlu

267 1356 361 1414 sancti
379 1354 535 1414 Cutbberti
559 1355 663 1414 merita
685 1354 918 1434 implorantibus,
940 1356 968 1413 iu
992 1355 1060 1433 ipsa
1084 1355 1223 1413 Omnium

265 1439 440 1501 Sanctorum
464 1439 623 1499 festivitate
652 1440 794 1520 praedioto
822 1440 964 1520 episcopo
992 1439 1123 1499 Missam
1146 1441 1223 1499 cele-

265 1526 378 1595 brante,
400 1544 452 1583 rex
470 1525 552 1604 quod
572 1526 668 1585 animo
687 1533 865 1604 conceperat
872 1527 937 1603 jam
951 1524 1095 1605 perficere
1109 1526 1222 1597 volens,

264 1620 382 1690 repente
402 1610 490 1670 nimio
509 1610 608 1670 calore
627 1611 716 1690 coepit
729 1618 855 1669 aestuare
874 1619 904 1668 et
922 1609 1078 1670 aestuando
1096 1609 1222 1688 fatigari,

265 1706 298 1754 ut
322 1697 372 1755 vix
393 1703 507 1755 tantum
529 1694 658 1755 calorem
680 1696 806 1755 tolerare
828 1703 940 1776 posset.
986 1695 1137 1755 Festinius
1153 1711 1259 1775 ergoln

265 1782 327 1840 exit
339 1781 378 1840 de
391 1781 530 1850 ecclesia,
545 1782 707 1859 relictoque
720 1781 830 1859 ingenti
844 1781 932 1860 copia
950 1790 1054 1860 parato
1072 1782 1222 1852 convivio,

264 1885 371 1944 equum
387 1865 533 1936 ascendit,
547 1875 578 1926 et
591 1885 747 1946 quousque
768 1866 806 1925 ad
823 1865 952 1925 Thesam
972 1868 1085 1926 veniret
1105 1888 1222 1926 cursum

264 1971 351 2027 agere
367 1971 424 2010 uon
439 1953 578 2012 cessavit.
625 1952 697 2017 Quo
715 1950 825 2010 indicio
841 1971 978 2028 magnum
994 1951 1054 2028 Dei
1068 1952 1222 2012 confesso-

264 2055 325 2095 rem
340 2036 535 2096 Cutbbortum
549 2037 590 2095 ibi
603 2038 789 2116 requiescere
803 2036 960 2096 fatebatur.

307 2126 383 2194 §37.
407 2121 486 2181 Post
509 2130 625 2201 tempus
647 2121 769 2201 aliquod
790 2121 958 2201 quemdam,
980 2121 1132 2181 vocabulo
1157 2121 1259 2184 Ita-2⁰

264 2206 388 2276 nulfum,
402 2207 453 2266 illo
468 2206 597 2277 miserat,
615 2209 666 2286 qui
680 2208 775 2288 ipsius
791 2208 888 2266 sancti
900 2206 1041 2287 populum
1056 2209 1119 2286 regi
1133 2209 1224 2269 tribu-

263 2299 325 2350 tum
360 2293 476 2352 solvere
507 2293 708 2372 compelleret,
742 2292 823 2372 quod
854 2292 897 2350 illi
924 2292 1051 2370 graviter
1082 2288 1219 2364 ferentes,

264 2386 439 2437 consuetum
459 2378 488 2436 in
505 2377 637 2438 adversis
652 2379 747 2437 sancti
761 2378 916 2437 Cutbberti
930 2378 1071 2436 auxilium
1086 2379 1221 2457 implora-

264 2464 344 2523 bant.
389 2463 492 2522 Nocte
512 2465 600 2541 igitur
619 2461 713 2534 finita,
728 2472 796 2543 post
814 2483 903 2542 quam
923 2464 1062 2522 tributum
1083 2471 1148 2522 ernt
1169 2467 1222 2524 im·
1325 2481 1329 2488 ’

265 2550 425 2626 positurus,
450 2549 555 2608 beatus
578 2549 759 2608 Cutbbertus
784 2549 811 2607 ei
832 2569 883 2626 per
902 2550 1047 2607 somnium
1069 2550 1222 2621 assistens,
1232 2567 1260 2612 25

263 2633 371 2693 baculo
391 2634 543 2712 pastorali,
563 2654 652 2713 quem
671 2654 757 2693 manu
779 2635 925 2711 gestabat,
944 2634 1027 2693 illum
1047 2634 1173 2713 impulit,
1191 2646 1221 2695 et

262 2718 423 2798 pontificali
447 2721 622 2779 auctoritate
650 2739 687 2778 ac
713 2721 820 2778 minaci
845 2719 928 2779 vultu
955 2720 1120 2799 increpavit
1141 2740 1219 2791 eum,

262 2804 365 2862 dicens
385 2803 465 2884 quod
483 2826 540 2864 non
560 2805 676 2883 impune
696 2805 754 2864 boc
775 2804 1002 2883 praesumsisset,
1017 2814 1047 2864 et
1063 2805 1121 2864 nisi
1138 2826 1219 2866 rece·

261 2890 345 2948 deret
358 2893 460 2969 pejora
474 2899 555 2950 esset
567 2910 720 2970 passurus.
765 2888 874 2968 Itaque
889 2889 927 2948 de
941 2909 1045 2949 somno
1065 2891 1219 2968 evigilans,

261 2983 343 3034 tauta
370 2975 556 3035 detinebatur
583 2973 749 3034 infirmitate
773 2985 806 3033 ut
831 2975 912 3033 nullo
935 2974 1024 3034 modo
1049 2983 1156 3054 posset
1178 2978 1216 3037 de
1228 2993 1258 3038 tu

261 3060 339 3119 lecto
369 3081 496 3139 surgere.
551 3060 637 3120 Mox.
656 3079 757 3119 coram
785 3061 931 3129 omnibus,
958 3081 1025 3139 quae
1053 3060 1170 3120 viderat
1190 3073 1220 3123 et

261 3145 404 3214 audierat,
418 3147 556 3217 narravit,
568 3155 598 3204 et
611 3154 643 3204 ut
657 3166 710 3225 pro
725 3165 758 3204 se
772 3144 852 3224 apud
867 3153 1003 3205 sanctum
1017 3145 1220 3207 confessorem

261 3231 482 3301 intercederent,
511 3233 642 3310 rogavit;
681 3231 857 3310 mittensque
888 3230 927 3290 ad
954 3231 1124 3309 sepulerum
1154 3236 1219 3313 ejus

260 3315 379 3394 pallium
398 3337 430 3374 se
453 3317 495 3375 illi
515 3316 633 3375 fidelem
649 3335 685 3375 ac
702 3316 841 3375 devotum
862 3335 979 3375 servum
994 3315 1058 3374 fore
1074 3317 1220 3397 promisit,

260 3401 286 3460 si
300 3401 419 3480 culpam
433 3409 462 3459 et
476 3402 572 3482 eulpae
587 3421 701 3483 poenam
717 3401 862 3460 dimittere
880 3400 1059 3479 dignaretur.
1104 3402 1220 3463 Verum
1231 3420 1259 3465 nn

304 3735 483 3801 ¹Simoniuco.]
531 3742 652 3803 Namely,
676 3742 718 3790 the
751 3756 830 3790 novas
850 3741 1048 3791 consuetudines
1065 3748 1219 3802 cogerentur

258 3808 350 3870 bishop
375 3810 494 3858 Sexhelm
517 3811 573 3859 wbo
600 3814 622 3860 is
648 3827 718 3860 men·
750 3812 999 3871 subire‚...oddit.
1014 3812 1042 3860 S.
1057 3813 1181 3862 Dunelm.

259 3881 343 3927 tioned
358 3881 447 3928 above.
785 3881 804 3911 ³⁴
824 3878 951 3950 Polliam]
970 3917 975 3930 .
991 3916 1017 3930 ..
1037 3884 1106 3941 quod
1122 3884 1218 3932 hucus-

292 3947 312 3977 2⁰
329 3952 389 3998 Post
403 3948 513 4019 ternpus]
551 3952 578 4000 S.
596 3951 717 4000 Dunelm.
751 3968 799 4013 que
824 3954 850 4000 in
874 3953 922 4002 bao
947 3953 1058 4002 ecclesia
1082 3955 1110 4000 tn
1139 3954 1217 4016 hujus

258 4033 296 4066 nr.
311 4034 355 4066 xx.
751 4022 815 4071 facti
825 4025 971 4072 memoriam
984 4027 1112 4086 servatur,
1124 4059 1131 4072 .
1145 4061 1170 4072 ..
1189 4027 1217 4074 S.

292 4087 312 4114 ²²
329 4089 462 4152 Ferentes]
476 4127 482 4141 .
495 4128 499 4141 .
512 4127 518 4139 .
531 4090 639 4153 scilicet,
649 4094 716 4151 quod
752 4094 872 4142 Dunelm.
