2850 4890
307 389 395 436 vrrs
414 389 443 437 s.
461 387 696 449 carnonam,
713 387 826 435 nucu.
844 389 963 437 anon.
1051 372 1115 440 271

155 536 243 596 simul
257 537 365 616 portati
378 542 447 597 sunt
459 536 554 617 equis,
569 545 600 596 et
611 536 715 595 videns
734 537 846 595 socium
860 536 944 596 suum
957 535 1074 597 flentem
1086 546 1116 597 et

154 623 355 682 lacrimantem
366 622 482 682 duabus
502 625 614 692 causis,
636 623 706 699 (hoc
721 632 778 692 est,
791 642 845 702 pro
865 624 1005 682 moriente
1023 643 1115 682 uxore

155 730 188 767 se
202 708 331 778 deserto,
342 715 373 768 et
383 710 521 788 orphanis
537 708 656 778 relictis,
670 716 700 767 et
714 709 840 767 maxime
855 728 907 788 pro
920 708 1115 786 ignominiosa

155 795 280 865 insania,
302 795 331 853 in
353 814 412 875 qua
430 795 605 854 horribiliter
622 794 773 853 redactam
793 801 824 852 et
844 793 1029 872 impudenter
1046 815 1116 854 con-

127 879 288 950 attactam,
316 888 347 939 et
374 880 469 941 saliva
498 881 649 961 pollutam,
678 879 748 938 olim
776 887 889 938 tantum
917 879 1056 960 pudicam
1088 890 1118 939 et

156 975 281 1036 castam,
292 966 407 1025 sciebat
419 967 528 1025 homini
543 965 603 1025 Dei
613 965 871 1045 exspectandam)
887 967 1034 1025 consolari
1049 986 1116 1025 eum

156 1053 246 1132 coepit
260 1052 422 1111 mitissimis
441 1052 550 1123 verbis,
570 1061 601 1113 et
617 1071 733 1110 omnem
757 1050 964 1121 infirmitatem,
986 1072 1074 1131 quam
1090 1053 1117 1110 ei

156 1138 306 1197 celaverat
319 1139 416 1218 qualis
430 1146 511 1197 asset
524 1138 677 1207 revelavit,
697 1145 727 1195 et
745 1147 895 1216 postremo
914 1137 1030 1196 addidit
1049 1158 1116 1217 pro-

155 1223 276 1303 phetico
301 1244 352 1283 ore
380 1223 493 1294 dicens,
523 1224 616 1282 ‘Janr
644 1223 721 1281 eninr
750 1222 868 1302 quando
896 1222 1049 1282 veniemus
1077 1222 1117 1281 ad

114 1325 147 1370 10
158 1309 329 1368 habitacula
351 1317 463 1379 vestra,
485 1320 641 1378 uxortua,
664 1327 754 1389 quam
777 1309 944 1368 morituram
966 1318 1066 1389 putas,
1089 1308 1116 1367 in

157 1394 275 1454 obviam
304 1395 374 1453 mihi
399 1415 558 1455 occurrens
582 1397 611 1454 in
633 1395 807 1474 acceptione
829 1395 1008 1454 habenarum
1033 1395 1118 1454 istius

157 1480 237 1559 equi,
261 1499 336 1558 quas
354 1499 432 1539 nunc
451 1483 480 1540 in
498 1482 634 1541 manibus
655 1488 752 1549 teneo,
774 1500 826 1559 per
849 1479 907 1538 Dei
930 1480 1119 1558 adjutorium,

158 1565 289 1643 effugato
303 1564 446 1640 daemone,
465 1567 581 1626 salvata
600 1566 774 1625 ministrabit
791 1565 896 1626 nobis!
939 1566 1035 1642 Igitur
1055 1587 1121 1646 per-

158 1651 290 1721 veniunt,
314 1652 393 1711 sicut
413 1653 501 1712 homo
528 1653 586 1711 Dei
616 1651 742 1722 dixerat,
765 1650 804 1710 ad
825 1650 936 1720 villam,
963 1659 993 1710 et
1018 1652 1122 1711 mulier

115 1753 147 1799 1⁵
160 1738 247 1817 quasi
262 1737 301 1796 de
320 1757 425 1797 somno
447 1759 570 1817 surgens
590 1737 671 1797 venit
688 1737 716 1795 in
733 1736 861 1806 obviam,
881 1745 911 1795 et
931 1738 1025 1816 primo
1039 1746 1121 1797 tactu

159 1823 253 1882 freni„
263 1822 349 1903 plene
367 1823 486 1903 pulsato
508 1823 642 1883 daemone
664 1823 783 1882 sanitati
803 1823 932 1902 pristinae
950 1821 1075 1894 reddita,
1091 1830 1122 1881 ut

160 1909 212 1969 illa
224 1927 293 1966 cum
309 1909 469 1987 gratiarum
484 1910 598 1970 actione
613 1910 724 1969 lactata
739 1917 796 1977 est,
812 1909 987 1968 ministravit
999 1909 1067 1969 illis.

462 2163 599 2224 LIBER
620 2163 824 2224 TERTIUS.

374 2336 474 2396 Ferae
488 2339 664 2416 ingreditur,
678 2338 833 2407 miracula,
849 2347 904 2395 ete.

119 2514 176 2583 20§
189 2513 239 2568 23.
264 2507 364 2567 BENE
382 2508 471 2586 igitur
491 2508 519 2566 in
539 2507 709 2586 supradicto
727 2506 873 2576 cenobio,
895 2503 976 2586 quod
996 2504 1122 2566 Mailros
1141 2525 1182 2566 nn
1194 2515 1300 2566 fennenae

164 2595 282 2665 dicitur,
297 2593 483 2673 Praepositus
498 2592 625 2652 Sanctus
641 2593 820 2654 Cuthbertus
838 2594 969 2653 serviens
982 2592 1121 2666 Domino,
1139 2577 1251 2669 *gfff*

164 2690 195 2739 et
212 2681 297 2759 plura
314 2679 459 2738 mirabilia
475 2699 526 2758 per
539 2699 607 2738 eum
625 2679 772 2738 Dominus
785 2679 909 2749 faciens,
925 2699 991 2758 quae
1005 2687 1123 2758 propter

164 2764 344 2825 infirmorum
365 2763 569 2824 infidelitatem
588 2773 712 2824 conatus
733 2784 797 2824 sum
818 2767 955 2835 scribere,
974 2773 1123 2845 postremo

165 2860 264 2911 tamen
278 2851 440 2912 secularem
456 2850 577 2928 gloriam
590 2850 704 2929 fugiens
719 2850 795 2909 clam
810 2861 840 2910 et
852 2851 967 2910 occulte
983 2849 1022 2910 ad
1042 2849 1123 2909 aedes

121 2954 153 2999 25
165 2938 343 3016 enavigavit.
387 2936 505 2996 Deinde
520 2956 538 2995 a
550 2936 710 2996 venerabili
724 2944 754 2994 et
767 2945 871 2996 sancto
885 2937 1026 3016 episcopo
1045 2935 1125 2994 Eata

166 3023 307 3083 invitatus
321 3031 351 3082 et
363 3031 468 3082 coacte
487 3021 526 3082 a'd
545 3023 621 3081 hanc
635 3021 760 3081 insulam
780 3031 920 3092 nostram,
935 3041 1002 3100 quae
1017 3018 1124 3080 dicitur

166 3108 361 3178 lindisfarne,
373 3129 441 3168 cum
450 3108 600 3188 *adjutorio
612 3107 671 3167 Dei
682 3108 840 3171 voluntatis
851 3106 982 3176 advenit,
993 3125 1123 3186 praesens

167 3204 199 3254 et
219 3196 328 3253 absens
347 3195 537 3267 demoniacos
556 3195 683 3264 sanavit,
704 3202 734 3265 et
754 3194 827 3254 alios
849 3194 947 3253 varios
967 3192 1123 3270 languores

168 3281 293 3341 curavit.
336 3280 452 3339 Vivens
471 3280 513 3338 ibi
532 3281 650 3359 quoque
669 3279 830 3339 secuudum
846 3287 978 3340 sanctam
992 3277 1125 3358 Scriptu-

125 3382 243 3436 auram,
267 3365 525 3444 contemplativam
553 3366 643 3425 vitam
667 3366 696 3423 in
718 3365 828 3424 actuali
857 3385 959 3444 agens,
984 3372 1016 3423 et
1040 3366 1125 3424 nohis

171 3451 331 3529 regularem
359 3452 450 3510 vitam
484 3452 606 3531 primum
638 3470 817 3530 componens
845 3451 1008 3522 constituit,
1037 3470 1126 3530 quam

170 3557 264 3616 usque
277 3536 366 3596 hodie
380 3556 449 3596 cum
463 3535 584 3615 Regula
600 3535 757 3597 Benedicti
771 3537 972 3598 observamus.

213 3622 293 3682 Post
316 3622 416 3703 plures
441 3623 541 3701 itaque
568 3642 662 3682 annos
690 3621 727 3682 ad
752 3623 888 3693 insulam,
912 3642 1001 3702 quam
1030 3621 1127 3681 Fame
1146 3646 1277 3687 amaeam

169 3709 329 3778 nominant,
355 3707 483 3788 undique
504 3709 531 3766 in
551 3709 647 3767 medio
668 3708 754 3768 maris
773 3708 912 3768 fluctibus
936 3708 1127 3769 circumcinc·
1146 3697 1299 3739 F²f¹¹⁰¹⁸¹³¹¹d·

204 3942 225 3971 ³²
243 3945 417 4007 observamus]
435 3944 632 3992 Thisnarrative
667 3943 696 3991 os
711 3957 780 3991 some
801 3940 831 3990 of
853 3942 896 3990 the
915 3940 1006 3990 monks
1023 3940 1053 3989 of
1072 3940 1128 3989 that

171 4017 194 4063 is
228 4015 409 4076 considerably
432 4014 568 4076 expanded
600 4014 631 4074 by
667 4013 868 4062 establishmcnt.

172 4087 256 4141 Beda,
270 4087 324 4136 via
345 4088 419 4135 Pros.
439 4087 452 4148 ς
469 4089 512 4148 25,
533 4088 574 4146 26,
592 4088 633 4145 27,
703 4080 723 4111 ³³
739 4082 901 4146 Peripteros]
915 4082 1126 4144 Vit.Pros.Cap.

171 4161 214 4218 28,
231 4157 343 4218 perhaps
361 4172 428 4218 upon
442 4157 484 4205 the
503 4155 632 4217 authority
668 4167 734 4202 xvn.
