<?xml version="1.0" encoding="UTF-8"?>
<!DOCTYPE html PUBLIC "-//W3C//DTD XHTML 1.0 Transitional//EN"
    "http://www.w3.org/TR/xhtml1/DTD/xhtml1-transitional.dtd">
<html xmlns="http://www.w3.org/1999/xhtml" xml:lang="en" lang="en">
 <head>
  <title>
</title>
<meta http-equiv="Content-Type" content="text/html;charset=utf-8" />
  <meta name='ocr-system' content='tesseract 3.04.00' />
  <meta name='ocr-capabilities' content='ocr_page ocr_carea ocr_par ocr_line ocrx_word'/>
</head>
<body>
  <div class='ocr_page' id='page_1' title='image "./venerabilisbeda00bedegoog_0067.png"; bbox 0 0 2850 4890; ppageno 0'>
   <div class='ocr_carea' id='block_1_1' title="bbox 341 368 961 431">
    <p class='ocr_par' dir='ltr' id='par_1_1' title="bbox 341 368 961 431">
     <span class='ocr_line' id='line_1_1' title="bbox 341 368 961 431; baseline -0.002 -2"><span class='ocrx_word' id='word_1_1' title='bbox 341 368 385 431; x_wconf 83' lang='grc'>46</span> <span class='ocrx_word' id='word_1_2' title='bbox 747 382 961 430; x_wconf 71' lang='lat' dir='ltr'>ramsarro.</span> 
     </span>
    </p>
   </div>
   <div class='ocr_carea' id='block_1_2' title="bbox 327 537 1339 3797">
    <p class='ocr_par' dir='ltr' id='par_1_2' title="bbox 327 537 1339 3797">
     <span class='ocr_line' id='line_1_2' title="bbox 339 537 1297 623; baseline 0 -20"><span class='ocrx_word' id='word_1_3' title='bbox 339 539 471 623; x_wconf 91' lang='lat' dir='ltr'>aliquid</span> <span class='ocrx_word' id='word_1_4' title='bbox 487 541 530 603; x_wconf 91' lang='lat' dir='ltr'>de</span> <span class='ocrx_word' id='word_1_5' title='bbox 546 546 643 604; x_wconf 91' lang='lat' dir='ltr'>tanto</span> <span class='ocrx_word' id='word_1_6' title='bbox 658 539 731 604; x_wconf 87' lang='lat' dir='ltr'>viro</span> <span class='ocrx_word' id='word_1_7' title='bbox 747 539 903 615; x_wconf 88' lang='lat' dir='ltr'>scribere,</span> <span class='ocrx_word' id='word_1_8' title='bbox 917 557 980 614; x_wconf 87' lang='lat' dir='ltr'>nec</span> <span class='ocrx_word' id='word_1_9' title='bbox 995 537 1135 602; x_wconf 90' lang='lat' dir='ltr'>tandem</span> <span class='ocrx_word' id='word_1_10' title='bbox 1150 557 1297 622; x_wconf 73' lang='lat' dir='ltr'>eaquae</span> 
     </span>
     <span class='ocr_line' id='line_1_3' title="bbox 339 654 1334 739; baseline 0 -19"><span class='ocrx_word' id='word_1_11' title='bbox 339 656 553 739; x_wconf 87' lang='lat' dir='ltr'><strong>scripseram,</strong></span> <span class='ocrx_word' id='word_1_12' title='bbox 579 657 652 721; x_wconf 91' lang='lat' dir='ltr'>sine</span> <span class='ocrx_word' id='word_1_13' title='bbox 671 656 897 720; x_wconf 91' lang='lat' dir='ltr'>subtilissima</span> <span class='ocrx_word' id='word_1_14' title='bbox 922 654 1179 720; x_wconf 81' lang='lat' dir='ltr'>examinatione</span> <span class='ocrx_word' id='word_1_15' title='bbox 1201 657 1298 722; x_wconf 91' lang='lat' dir='ltr'>testi·</span> <span class='ocrx_word' id='word_1_16' title='bbox 1332 664 1334 669; x_wconf 86' lang='lat'>&#39;</span> 
     </span>
     <span class='ocr_line' id='line_1_4' title="bbox 338 774 1298 858; baseline 0.001 -21"><span class='ocrx_word' id='word_1_17' title='bbox 338 795 395 837; x_wconf 92' lang='lat' dir='ltr'>um</span> <span class='ocrx_word' id='word_1_18' title='bbox 414 774 629 838; x_wconf 89' lang='lat' dir='ltr'>indubiorum</span> <span class='ocrx_word' id='word_1_19' title='bbox 647 775 778 857; x_wconf 89' lang='lat' dir='ltr'>passim</span> <span class='ocrx_word' id='word_1_20' title='bbox 798 774 1076 838; x_wconf 89' lang='lat' dir='ltr'>transscribenda</span> <span class='ocrx_word' id='word_1_21' title='bbox 1091 774 1298 858; x_wconf 90' lang='lat' dir='ltr'>quibusdam</span> 
     </span>
     <span class='ocr_line' id='line_1_5' title="bbox 338 891 1297 975; baseline 0.002 -21"><span class='ocrx_word' id='word_1_22' title='bbox 338 892 419 956; x_wconf 88' lang='lat' dir='ltr'>dare</span> <span class='ocrx_word' id='word_1_23' title='bbox 438 893 629 975; x_wconf 86' lang='lat' dir='ltr'>praesumsi.</span> <span class='ocrx_word' id='word_1_24' title='bbox 675 891 769 970; x_wconf 84' lang='lat' dir='ltr'>Quin</span> <span class='ocrx_word' id='word_1_25' title='bbox 788 894 904 974; x_wconf 91' lang='lat' dir='ltr'>potius</span> <span class='ocrx_word' id='word_1_26' title='bbox 919 893 1027 974; x_wconf 93' lang='lat' dir='ltr'>primo</span> <span class='ocrx_word' id='word_1_27' title='bbox 1042 893 1223 975; x_wconf 86' lang='lat' dir='ltr'>diligenter</span> <span class='ocrx_word' id='word_1_28' title='bbox 1237 914 1297 957; x_wconf 83' lang='lat' dir='ltr'>ex-</span> 
     </span>
     <span class='ocr_line' id='line_1_6' title="bbox 337 1009 1339 1093; baseline 0.001 -21"><span class='ocrx_word' id='word_1_29' title='bbox 337 1010 479 1087; x_wconf 92' lang='lat' dir='ltr'>ordium,</span> <span class='ocrx_word' id='word_1_30' title='bbox 511 1028 727 1093; x_wconf 87' lang='lat' dir='ltr'>progressum</span> <span class='ocrx_word' id='word_1_31' title='bbox 755 1018 791 1071; x_wconf 90' lang='lat' dir='ltr'>et</span> <span class='ocrx_word' id='word_1_32' title='bbox 818 1009 1009 1085; x_wconf 89' lang='lat' dir='ltr'>terminum,</span> <span class='ocrx_word' id='word_1_33' title='bbox 1040 1009 1296 1091; x_wconf 88' lang='lat' dir='ltr'>gloriosissimae</span> <span class='ocrx_word' id='word_1_34' title='bbox 1325 1031 1339 1073; x_wconf 82' lang='lat'><strong>5</strong></span> 
     </span>
     <span class='ocr_line' id='line_1_7' title="bbox 336 1126 1296 1209; baseline 0.001 -20"><span class='ocrx_word' id='word_1_35' title='bbox 336 1127 609 1193; x_wconf 86' lang='lat' dir='ltr'>conversationis</span> <span class='ocrx_word' id='word_1_36' title='bbox 630 1147 671 1191; x_wconf 93' lang='lat' dir='ltr'>ac</span> <span class='ocrx_word' id='word_1_37' title='bbox 685 1127 766 1191; x_wconf 86' lang='lat' dir='ltr'>vitae</span> <span class='ocrx_word' id='word_1_38' title='bbox 781 1126 874 1189; x_wconf 89' lang='lat' dir='ltr'>illius</span> <span class='ocrx_word' id='word_1_39' title='bbox 895 1128 939 1190; x_wconf 88' lang='lat' dir='ltr'>ab</span> <span class='ocrx_word' id='word_1_40' title='bbox 956 1126 1021 1205; x_wconf 90' lang='lat' dir='ltr'>bis,</span> <span class='ocrx_word' id='word_1_41' title='bbox 1039 1126 1099 1209; x_wconf 92' lang='lat' dir='ltr'>qni</span> <span class='ocrx_word' id='word_1_42' title='bbox 1118 1134 1296 1204; x_wconf 86' lang='lat' dir='ltr'>noverant,</span> 
     </span>
     <span class='ocr_line' id='line_1_8' title="bbox 336 1242 1296 1327; baseline -0.001 -19"><span class='ocrx_word' id='word_1_43' title='bbox 336 1245 558 1327; x_wconf 71' lang='lat' dir='ltr'>investigem,</span> <span class='ocrx_word' id='word_1_44' title='bbox 581 1262 725 1326; x_wconf 88' lang='lat' dir='ltr'>qnomm</span> <span class='ocrx_word' id='word_1_45' title='bbox 749 1243 853 1306; x_wconf 89' lang='lat' dir='ltr'>etiam</span> <span class='ocrx_word' id='word_1_46' title='bbox 879 1243 1018 1307; x_wconf 91' lang='lat' dir='ltr'>nomina</span> <span class='ocrx_word' id='word_1_47' title='bbox 1042 1242 1079 1306; x_wconf 90' lang='lat' dir='ltr'>in</span> <span class='ocrx_word' id='word_1_48' title='bbox 1099 1244 1176 1326; x_wconf 91' lang='lat' dir='ltr'>ipso</span> <span class='ocrx_word' id='word_1_49' title='bbox 1196 1243 1296 1321; x_wconf 90' lang='lat' dir='ltr'>libro,</span> 
     </span>
     <span class='ocr_line' id='line_1_9' title="bbox 336 1361 1295 1446; baseline -0.002 -19"><span class='ocrx_word' id='word_1_50' title='bbox 336 1364 518 1446; x_wconf 84' lang='lat' dir='ltr'>aliquoties</span> <span class='ocrx_word' id='word_1_51' title='bbox 544 1365 588 1427; x_wconf 94' lang='lat' dir='ltr'>ob</span> <span class='ocrx_word' id='word_1_52' title='bbox 614 1362 777 1427; x_wconf 90' lang='lat' dir='ltr'>indicium</span> <span class='ocrx_word' id='word_1_53' title='bbox 806 1369 934 1426; x_wconf 91' lang='lat' dir='ltr'>certum</span> <span class='ocrx_word' id='word_1_54' title='bbox 962 1362 1107 1443; x_wconf 86' lang='lat' dir='ltr'>cognitae</span> <span class='ocrx_word' id='word_1_55' title='bbox 1136 1361 1295 1426; x_wconf 86' lang='lat' dir='ltr'>veritatis</span> 
     </span>
     <span class='ocr_line' id='line_1_10' title="bbox 336 1480 1295 1564; baseline -0.002 -20"><span class='ocrx_word' id='word_1_56' title='bbox 336 1480 542 1563; x_wconf 91' lang='lat' dir='ltr'>apponenda</span> <span class='ocrx_word' id='word_1_57' title='bbox 556 1480 723 1564; x_wconf 90' lang='lat' dir='ltr'>judicavi,</span> <span class='ocrx_word' id='word_1_58' title='bbox 739 1481 788 1544; x_wconf 90' lang='lat' dir='ltr'>sio</span> <span class='ocrx_word' id='word_1_59' title='bbox 803 1480 938 1544; x_wconf 91' lang='lat' dir='ltr'>demum</span> <span class='ocrx_word' id='word_1_60' title='bbox 956 1481 1000 1542; x_wconf 94' lang='lat' dir='ltr'>ad</span> <span class='ocrx_word' id='word_1_61' title='bbox 1019 1480 1201 1543; x_wconf 82' lang='lat' dir='ltr'>schedulas</span> <span class='ocrx_word' id='word_1_62' title='bbox 1222 1499 1295 1542; x_wconf 93' lang='lat' dir='ltr'>ma-</span> 
     </span>
     <span class='ocr_line' id='line_1_11' title="bbox 335 1597 1337 1680; baseline 0 -18"><span class='ocrx_word' id='word_1_63' title='bbox 335 1619 415 1662; x_wconf 92' lang='lat' dir='ltr'>num</span> <span class='ocrx_word' id='word_1_64' title='bbox 433 1599 573 1679; x_wconf 60' lang='lat' dir='ltr'>¹mittere</span> <span class='ocrx_word' id='word_1_65' title='bbox 598 1599 737 1680; x_wconf 88' lang='lat' dir='ltr'>incipio.</span> <span class='ocrx_word' id='word_1_66' title='bbox 781 1597 832 1661; x_wconf 90' lang='lat' dir='ltr'>At</span> <span class='ocrx_word' id='word_1_67' title='bbox 860 1597 993 1678; x_wconf 86' lang='lat' dir='ltr'>digesto</span> <span class='ocrx_word' id='word_1_68' title='bbox 1023 1597 1202 1678; x_wconf 91' lang='lat' dir='ltr'>opusculo,</span> <span class='ocrx_word' id='word_1_69' title='bbox 1230 1598 1293 1662; x_wconf 90' lang='lat' dir='ltr'>sed</span> <span class='ocrx_word' id='word_1_70' title='bbox 1306 1618 1337 1662; x_wconf 89' lang='lat' dir='ltr'>m</span> 
     </span>
     <span class='ocr_line' id='line_1_12' title="bbox 335 1715 1293 1798; baseline -0.001 -18"><span class='ocrx_word' id='word_1_71' title='bbox 335 1717 446 1781; x_wconf 89' lang='lat' dir='ltr'>adbuc</span> <span class='ocrx_word' id='word_1_72' title='bbox 465 1724 600 1781; x_wconf 89' lang='lat' dir='ltr'>retento</span> <span class='ocrx_word' id='word_1_73' title='bbox 618 1718 654 1780; x_wconf 93' lang='lat' dir='ltr'>in</span> <span class='ocrx_word' id='word_1_74' title='bbox 673 1716 855 1793; x_wconf 83' lang='lat' dir='ltr'>schedulis,</span> <span class='ocrx_word' id='word_1_75' title='bbox 870 1715 1064 1798; x_wconf 87' lang='lat' dir='ltr'>frequenter</span> <span class='ocrx_word' id='word_1_76' title='bbox 1083 1726 1118 1779; x_wconf 91' lang='lat' dir='ltr'>et</span> <span class='ocrx_word' id='word_1_77' title='bbox 1137 1735 1293 1781; x_wconf 88' lang='lat' dir='ltr'>reveren-</span> 
     </span>
     <span class='ocr_line' id='line_1_13' title="bbox 333 1831 1293 1917; baseline 0.002 -21"><span class='ocrx_word' id='word_1_78' title='bbox 333 1832 468 1896; x_wconf 90' lang='lat' dir='ltr'>tissimo</span> <span class='ocrx_word' id='word_1_79' title='bbox 496 1831 595 1896; x_wconf 85' lang='lat' dir='ltr'>fratri</span> <span class='ocrx_word' id='word_1_80' title='bbox 628 1839 745 1896; x_wconf 90' lang='lat' dir='ltr'>nostro</span> <span class='ocrx_word' id='word_1_81' title='bbox 779 1831 963 1896; x_wconf 90' lang='lat' dir='ltr'>Herefrido</span> <span class='ocrx_word' id='word_1_82' title='bbox 998 1835 1196 1917; x_wconf 91' lang='lat' dir='ltr'>presbytero</span> <span class='ocrx_word' id='word_1_83' title='bbox 1225 1834 1293 1899; x_wconf 91' lang='lat' dir='ltr'>huc</span> 
     </span>
     <span class='ocr_line' id='line_1_14' title="bbox 334 1950 1292 2034; baseline 0.004 -20"><span class='ocrx_word' id='word_1_84' title='bbox 334 1950 547 2027; x_wconf 82' lang='lat' dir='ltr'>adventanti,</span> <span class='ocrx_word' id='word_1_85' title='bbox 576 1958 611 2015; x_wconf 89' lang='lat' dir='ltr'>et</span> <span class='ocrx_word' id='word_1_86' title='bbox 645 1952 733 2030; x_wconf 91' lang='lat' dir='ltr'>aliis,</span> <span class='ocrx_word' id='word_1_87' title='bbox 763 1953 822 2034; x_wconf 91' lang='lat' dir='ltr'>qui</span> <span class='ocrx_word' id='word_1_88' title='bbox 851 1952 980 2016; x_wconf 90' lang='lat' dir='ltr'>diutius</span> <span class='ocrx_word' id='word_1_89' title='bbox 1011 1973 1087 2016; x_wconf 90' lang='lat' dir='ltr'>cum</span> <span class='ocrx_word' id='word_1_90' title='bbox 1118 1953 1192 2019; x_wconf 86' lang='lat' dir='ltr'>viro</span> <span class='ocrx_word' id='word_1_91' title='bbox 1223 1953 1292 2018; x_wconf 92' lang='lat' dir='ltr'>Dei</span> 
     </span>
     <span class='ocr_line' id='line_1_15' title="bbox 334 2069 1292 2154; baseline 0.002 -22"><span class='ocrx_word' id='word_1_92' title='bbox 334 2069 528 2134; x_wconf 88' lang='lat' dir='ltr'>conversati</span> <span class='ocrx_word' id='word_1_93' title='bbox 537 2070 645 2134; x_wconf 86' lang='lat' dir='ltr'>vitam</span> <span class='ocrx_word' id='word_1_94' title='bbox 655 2069 747 2133; x_wconf 89' lang='lat' dir='ltr'>illius</span> <span class='ocrx_word' id='word_1_95' title='bbox 757 2070 883 2151; x_wconf 93' lang='lat' dir='ltr'>optime</span> <span class='ocrx_word' id='word_1_96' title='bbox 894 2076 1070 2147; x_wconf 86' lang='lat' dir='ltr'>noverant,</span> <span class='ocrx_word' id='word_1_97' title='bbox 1082 2090 1160 2152; x_wconf 88' lang='lat' dir='ltr'>quae</span> <span class='ocrx_word' id='word_1_98' title='bbox 1169 2072 1292 2154; x_wconf 90' lang='lat' dir='ltr'>scripsi</span> 
     </span>
     <span class='ocr_line' id='line_1_16' title="bbox 332 2187 1333 2269; baseline 0.005 -21"><span class='ocrx_word' id='word_1_99' title='bbox 332 2187 477 2269; x_wconf 91' lang='lat' dir='ltr'>legenda</span> <span class='ocrx_word' id='word_1_100' title='bbox 492 2194 595 2269; x_wconf 90' lang='lat' dir='ltr'>atque</span> <span class='ocrx_word' id='word_1_101' title='bbox 611 2207 655 2250; x_wconf 89' lang='lat' dir='ltr'>ex</span> <span class='ocrx_word' id='word_1_102' title='bbox 671 2194 821 2269; x_wconf 89' lang='lat' dir='ltr'>tempore</span> <span class='ocrx_word' id='word_1_103' title='bbox 837 2187 1058 2250; x_wconf 89' lang='lat' dir='ltr'>retractanda</span> <span class='ocrx_word' id='word_1_104' title='bbox 1076 2187 1234 2269; x_wconf 88' lang='lat' dir='ltr'>praestiti,</span> <span class='ocrx_word' id='word_1_105' title='bbox 1250 2208 1291 2253; x_wconf 91' lang='lat' dir='ltr'>ac</span> <span class='ocrx_word' id='word_1_106' title='bbox 1304 2209 1333 2252; x_wconf 77' lang='lat' dir='ltr'>rs</span> 
     </span>
     <span class='ocr_line' id='line_1_17' title="bbox 332 2303 1291 2387; baseline 0.002 -21"><span class='ocrx_word' id='word_1_107' title='bbox 332 2304 498 2368; x_wconf 90' lang='lat' dir='ltr'>nonnulla</span> <span class='ocrx_word' id='word_1_108' title='bbox 524 2303 566 2367; x_wconf 93' lang='lat' dir='ltr'>ad</span> <span class='ocrx_word' id='word_1_109' title='bbox 595 2305 772 2367; x_wconf 83' lang='lat' dir='ltr'>arbitrium</span> <span class='ocrx_word' id='word_1_110' title='bbox 797 2324 924 2381; x_wconf 93' lang='lat' dir='ltr'>eorum,</span> <span class='ocrx_word' id='word_1_111' title='bbox 949 2311 1051 2387; x_wconf 94' lang='lat' dir='ltr'>prout</span> <span class='ocrx_word' id='word_1_112' title='bbox 1075 2304 1291 2383; x_wconf 87' lang='lat' dir='ltr'>videbantur,</span> 
     </span>
     <span class='ocr_line' id='line_1_18' title="bbox 333 2419 1290 2504; baseline 0.002 -21"><span class='ocrx_word' id='word_1_113' title='bbox 333 2421 473 2484; x_wconf 89' lang='lat' dir='ltr'>sedulus</span> <span class='ocrx_word' id='word_1_114' title='bbox 502 2419 702 2499; x_wconf 88' lang='lat' dir='ltr'>emendavi;</span> <span class='ocrx_word' id='word_1_115' title='bbox 725 2421 842 2503; x_wconf 90' lang='lat' dir='ltr'>sicque</span> <span class='ocrx_word' id='word_1_116' title='bbox 872 2422 1028 2485; x_wconf 90' lang='lat' dir='ltr'>omnibus</span> <span class='ocrx_word' id='word_1_117' title='bbox 1056 2422 1290 2504; x_wconf 85' lang='lat' dir='ltr'>scrupulorum</span> 
     </span>
     <span class='ocr_line' id='line_1_19' title="bbox 334 2537 1290 2621; baseline 0.005 -20"><span class='ocrx_word' id='word_1_118' title='bbox 334 2539 534 2620; x_wconf 88' lang='lat' dir='ltr'>ambagibus</span> <span class='ocrx_word' id='word_1_119' title='bbox 564 2539 608 2602; x_wconf 90' lang='lat' dir='ltr'>ad</span> <span class='ocrx_word' id='word_1_120' title='bbox 642 2557 764 2621; x_wconf 90' lang='lat' dir='ltr'>purum</span> <span class='ocrx_word' id='word_1_121' title='bbox 799 2537 935 2615; x_wconf 88' lang='lat' dir='ltr'>ablatis,</span> <span class='ocrx_word' id='word_1_122' title='bbox 971 2545 1100 2603; x_wconf 90' lang='lat' dir='ltr'>certam</span> <span class='ocrx_word' id='word_1_123' title='bbox 1132 2541 1290 2606; x_wconf 85' lang='lat' dir='ltr'>veritatis</span> 
     </span>
     <span class='ocr_line' id='line_1_20' title="bbox 330 2656 1290 2741; baseline 0.003 -21"><span class='ocrx_word' id='word_1_124' title='bbox 330 2656 525 2739; x_wconf 87' lang='lat' dir='ltr'>indaginem</span> <span class='ocrx_word' id='word_1_125' title='bbox 539 2657 750 2741; x_wconf 87' lang='lat' dir='ltr'>simplicibus</span> <span class='ocrx_word' id='word_1_126' title='bbox 760 2657 960 2739; x_wconf 87' lang='lat' dir='ltr'>explicitam</span> <span class='ocrx_word' id='word_1_127' title='bbox 974 2659 1186 2723; x_wconf 87' lang='lat' dir='ltr'>sermonibus</span> <span class='ocrx_word' id='word_1_128' title='bbox 1199 2678 1290 2723; x_wconf 93' lang='lat' dir='ltr'>com-</span> 
     </span>
     <span class='ocr_line' id='line_1_21' title="bbox 331 2775 1331 2860; baseline 0.003 -23"><span class='ocrx_word' id='word_1_129' title='bbox 331 2775 492 2838; x_wconf 90' lang='lat' dir='ltr'>mendare</span> <span class='ocrx_word' id='word_1_130' title='bbox 516 2775 769 2853; x_wconf 86' lang='lat' dir='ltr'>membranulis,</span> <span class='ocrx_word' id='word_1_131' title='bbox 799 2781 902 2858; x_wconf 90' lang='lat' dir='ltr'>atque</span> <span class='ocrx_word' id='word_1_132' title='bbox 929 2775 973 2838; x_wconf 91' lang='lat' dir='ltr'>ad</span> <span class='ocrx_word' id='word_1_133' title='bbox 998 2783 1122 2841; x_wconf 84' lang='lat' dir='ltr'>vestrae</span> <span class='ocrx_word' id='word_1_134' title='bbox 1153 2795 1331 2860; x_wconf 74' lang='lat' dir='ltr'>quoquere</span> 
     </span>
     <span class='ocr_line' id='line_1_22' title="bbox 332 2892 1288 2979; baseline 0.005 -24"><span class='ocrx_word' id='word_1_135' title='bbox 332 2892 556 2956; x_wconf 86' lang='lat' dir='ltr'>fraternitatis</span> <span class='ocrx_word' id='word_1_136' title='bbox 575 2893 794 2974; x_wconf 83' lang='lat' dir='ltr'>praesentiam</span> <span class='ocrx_word' id='word_1_137' title='bbox 813 2899 990 2975; x_wconf 89' lang='lat' dir='ltr'>asportare</span> <span class='ocrx_word' id='word_1_138' title='bbox 1010 2894 1140 2972; x_wconf 86' lang='lat' dir='ltr'>curavi,</span> <span class='ocrx_word' id='word_1_139' title='bbox 1165 2903 1288 2979; x_wconf 89' lang='lat' dir='ltr'>quate-</span> 
     </span>
     <span class='ocr_line' id='line_1_23' title="bbox 330 3008 1287 3092; baseline 0.004 -21"><span class='ocrx_word' id='word_1_140' title='bbox 330 3029 395 3072; x_wconf 91' lang='lat' dir='ltr'>nus</span> <span class='ocrx_word' id='word_1_141' title='bbox 410 3016 535 3074; x_wconf 85' lang='lat' dir='ltr'>vestrae</span> <span class='ocrx_word' id='word_1_142' title='bbox 556 3009 774 3073; x_wconf 88' lang='lat' dir='ltr'>auctoritatis</span> <span class='ocrx_word' id='word_1_143' title='bbox 789 3008 923 3092; x_wconf 89' lang='lat' dir='ltr'>judicio</span> <span class='ocrx_word' id='word_1_144' title='bbox 942 3010 997 3074; x_wconf 91' lang='lat' dir='ltr'>vel</span> <span class='ocrx_word' id='word_1_145' title='bbox 1017 3010 1287 3090; x_wconf 89' lang='lat' dir='ltr'>emendarentur,</span> 
     </span>
     <span class='ocr_line' id='line_1_24' title="bbox 330 3126 1300 3210; baseline 0.001 -19"><span class='ocrx_word' id='word_1_146' title='bbox 330 3126 385 3191; x_wconf 86' lang='lat' dir='ltr'>vel</span> <span class='ocrx_word' id='word_1_147' title='bbox 396 3128 714 3207; x_wconf 90' lang='lat' dir='ltr'>probarenturvera</span> <span class='ocrx_word' id='word_1_148' title='bbox 725 3148 812 3205; x_wconf 90' lang='lat' dir='ltr'>esse,</span> <span class='ocrx_word' id='word_1_149' title='bbox 824 3148 901 3210; x_wconf 85' lang='lat' dir='ltr'>quae</span> <span class='ocrx_word' id='word_1_150' title='bbox 913 3128 1043 3210; x_wconf 90' lang='lat' dir='ltr'>scripta</span> <span class='ocrx_word' id='word_1_151' title='bbox 1058 3134 1149 3193; x_wconf 83' lang='lat' dir='ltr'>sunt.</span> <span class='ocrx_word' id='word_1_152' title='bbox 1184 3128 1300 3207; x_wconf 50' lang='lat' dir='ltr'>Quod¹</span> 
     </span>
     <span class='ocr_line' id='line_1_25' title="bbox 330 3241 1287 3327; baseline 0.004 -21"><span class='ocrx_word' id='word_1_153' title='bbox 330 3262 419 3320; x_wconf 88' lang='lat' dir='ltr'>cum,</span> <span class='ocrx_word' id='word_1_154' title='bbox 433 3241 581 3307; x_wconf 89' lang='lat' dir='ltr'>Domino</span> <span class='ocrx_word' id='word_1_155' title='bbox 596 3243 753 3327; x_wconf 87' lang='lat' dir='ltr'>juvante,</span> <span class='ocrx_word' id='word_1_156' title='bbox 767 3250 949 3326; x_wconf 84' lang='lat' dir='ltr'>patrarem,</span> <span class='ocrx_word' id='word_1_157' title='bbox 964 3253 999 3309; x_wconf 92' lang='lat' dir='ltr'>et</span> <span class='ocrx_word' id='word_1_158' title='bbox 1014 3264 1129 3309; x_wconf 90' lang='lat' dir='ltr'>coram</span> <span class='ocrx_word' id='word_1_159' title='bbox 1145 3247 1287 3310; x_wconf 89' lang='lat' dir='ltr'>seniori-</span> 
     </span>
     <span class='ocr_line' id='line_1_26' title="bbox 328 3360 1328 3443; baseline 0.003 -18"><span class='ocrx_word' id='word_1_160' title='bbox 328 3362 393 3425; x_wconf 90' lang='lat' dir='ltr'>bus</span> <span class='ocrx_word' id='word_1_161' title='bbox 420 3379 460 3423; x_wconf 93' lang='lat' dir='ltr'>ao</span> <span class='ocrx_word' id='word_1_162' title='bbox 484 3360 679 3425; x_wconf 88' lang='lat' dir='ltr'>doctoribus</span> <span class='ocrx_word' id='word_1_163' title='bbox 698 3368 822 3426; x_wconf 86' lang='lat' dir='ltr'>vestrae</span> <span class='ocrx_word' id='word_1_164' title='bbox 848 3363 1121 3443; x_wconf 86' lang='lat' dir='ltr'>congregationis</span> <span class='ocrx_word' id='word_1_165' title='bbox 1145 3363 1283 3428; x_wconf 89' lang='lat' dir='ltr'>libellus</span> <span class='ocrx_word' id='word_1_166' title='bbox 1296 3383 1328 3428; x_wconf 78' lang='lat' dir='ltr'>ss</span> 
     </span>
     <span class='ocr_line' id='line_1_27' title="bbox 328 3477 1285 3561; baseline 0.003 -20"><span class='ocrx_word' id='word_1_167' title='bbox 328 3477 432 3542; x_wconf 91' lang='lat' dir='ltr'>biduo</span> <span class='ocrx_word' id='word_1_168' title='bbox 461 3477 639 3559; x_wconf 88' lang='lat' dir='ltr'>legeretur,</span> <span class='ocrx_word' id='word_1_169' title='bbox 667 3496 708 3540; x_wconf 92' lang='lat' dir='ltr'>ac</span> <span class='ocrx_word' id='word_1_170' title='bbox 737 3477 973 3540; x_wconf 90' lang='lat' dir='ltr'>sollertissime</span> <span class='ocrx_word' id='word_1_171' title='bbox 998 3498 1060 3560; x_wconf 92' lang='lat' dir='ltr'>per</span> <span class='ocrx_word' id='word_1_172' title='bbox 1083 3479 1218 3561; x_wconf 89' lang='lat' dir='ltr'>singula</span> <span class='ocrx_word' id='word_1_173' title='bbox 1240 3481 1285 3544; x_wconf 91' lang='lat' dir='ltr'>ad</span> 
     </span>
     <span class='ocr_line' id='line_1_28' title="bbox 327 3597 1284 3678; baseline 0.003 -18"><span class='ocrx_word' id='word_1_174' title='bbox 327 3603 477 3661; x_wconf 86' lang='lat' dir='ltr'>vestrum</span> <span class='ocrx_word' id='word_1_175' title='bbox 507 3601 708 3678; x_wconf 89' lang='lat' dir='ltr'>pensaretur</span> <span class='ocrx_word' id='word_1_176' title='bbox 737 3614 900 3677; x_wconf 88' lang='lat' dir='ltr'>examen;</span> <span class='ocrx_word' id='word_1_177' title='bbox 935 3597 1050 3660; x_wconf 90' lang='lat' dir='ltr'>nullus</span> <span class='ocrx_word' id='word_1_178' title='bbox 1080 3597 1284 3663; x_wconf 89' lang='lat' dir='ltr'>omnimodis</span> 
     </span>
     <span class='ocr_line' id='line_1_29' title="bbox 327 3715 1284 3797; baseline 0.002 -19"><span class='ocrx_word' id='word_1_179' title='bbox 327 3715 487 3779; x_wconf 87' lang='lat' dir='ltr'>inventus</span> <span class='ocrx_word' id='word_1_180' title='bbox 520 3721 574 3778; x_wconf 91' lang='lat' dir='ltr'>est</span> <span class='ocrx_word' id='word_1_181' title='bbox 608 3734 730 3793; x_wconf 86' lang='lat' dir='ltr'>sermo,</span> <span class='ocrx_word' id='word_1_182' title='bbox 759 3715 819 3797; x_wconf 93' lang='lat' dir='ltr'>qui</span> <span class='ocrx_word' id='word_1_183' title='bbox 850 3715 975 3778; x_wconf 92' lang='lat' dir='ltr'>mutari</span> <span class='ocrx_word' id='word_1_184' title='bbox 1006 3715 1192 3794; x_wconf 89' lang='lat' dir='ltr'>debuisset,</span> <span class='ocrx_word' id='word_1_185' title='bbox 1222 3717 1284 3781; x_wconf 91' lang='lat' dir='ltr'>sed</span> 
     </span>
    </p>
   </div>
   <div class='ocr_carea' id='block_1_3' title="bbox 326 3955 1282 4167">
    <p class='ocr_par' dir='ltr' id='par_1_3' title="bbox 326 3955 1282 4167">
     <span class='ocr_line' id='line_1_30' title="bbox 362 3955 1282 4026; baseline 0.005 -18"><span class='ocrx_word' id='word_1_186' title='bbox 362 3957 381 3986; x_wconf 77' lang='lat'>¹²</span> <span class='ocrx_word' id='word_1_187' title='bbox 399 3955 549 4026; x_wconf 67' lang='lat' dir='ltr'>Heresrido]</span> <span class='ocrx_word' id='word_1_188' title='bbox 583 3959 718 4009; x_wconf 87' lang='lat' dir='ltr'>Herefrith</span> <span class='ocrx_word' id='word_1_189' title='bbox 734 3974 789 4009; x_wconf 85' lang='lat' dir='ltr'>was</span> <span class='ocrx_word' id='word_1_190' title='bbox 822 3959 863 4007; x_wconf 91' lang='lat' dir='ltr'>ch.</span> <span class='ocrx_word' id='word_1_191' title='bbox 875 3955 943 4026; x_wconf 85' lang='lat' dir='ltr'>viii.)</span> <span class='ocrx_word' id='word_1_192' title='bbox 955 3961 1005 4009; x_wconf 91' lang='lat' dir='ltr'>and</span> <span class='ocrx_word' id='word_1_193' title='bbox 1015 3963 1137 4011; x_wconf 85' lang='lat' dir='ltr'>attended</span> <span class='ocrx_word' id='word_1_194' title='bbox 1147 3962 1185 4013; x_wconf 88' lang='lat' dir='ltr'>st.</span> <span class='ocrx_word' id='word_1_195' title='bbox 1201 3964 1282 4013; x_wconf 88' lang='lat' dir='ltr'>Cuth-</span> 
     </span>
     <span class='ocr_line' id='line_1_31' title="bbox 326 4030 1281 4100; baseline 0.005 -22"><span class='ocrx_word' id='word_1_196' title='bbox 326 4030 405 4078; x_wconf 83' lang='lat' dir='ltr'>abbot</span> <span class='ocrx_word' id='word_1_197' title='bbox 416 4031 445 4079; x_wconf 79' lang='lat' dir='ltr'>of</span> <span class='ocrx_word' id='word_1_198' title='bbox 459 4031 502 4078; x_wconf 88' lang='lat' dir='ltr'>the</span> <span class='ocrx_word' id='word_1_199' title='bbox 517 4034 661 4091; x_wconf 87' lang='lat' dir='ltr'>monastery</span> <span class='ocrx_word' id='word_1_200' title='bbox 673 4031 702 4079; x_wconf 79' lang='lat' dir='ltr'>of</span> <span class='ocrx_word' id='word_1_201' title='bbox 718 4030 789 4092; x_wconf 85' lang='lat' dir='ltr'>Holy</span> <span class='ocrx_word' id='word_1_202' title='bbox 822 4031 879 4078; x_wconf 92' lang='lat' dir='ltr'>bert</span> <span class='ocrx_word' id='word_1_203' title='bbox 897 4031 992 4093; x_wconf 83' lang='lat' dir='ltr'>during</span> <span class='ocrx_word' id='word_1_204' title='bbox 1009 4032 1049 4081; x_wconf 87' lang='lat' dir='ltr'>his</span> <span class='ocrx_word' id='word_1_205' title='bbox 1060 4032 1112 4081; x_wconf 83' lang='lat' dir='ltr'>last</span> <span class='ocrx_word' id='word_1_206' title='bbox 1124 4034 1215 4082; x_wconf 87' lang='lat' dir='ltr'>illness</span> <span class='ocrx_word' id='word_1_207' title='bbox 1226 4033 1281 4100; x_wconf 89' lang='lat' dir='ltr'>(ch.</span> 
     </span>
     <span class='ocr_line' id='line_1_32' title="bbox 327 4098 936 4167; baseline 0.003 -21"><span class='ocrx_word' id='word_1_208' title='bbox 327 4098 416 4148; x_wconf 77' lang='lat' dir='ltr'>laland</span> <span class='ocrx_word' id='word_1_209' title='bbox 428 4099 485 4167; x_wconf 85' lang='lat' dir='ltr'>(see</span> <span class='ocrx_word' id='word_1_210' title='bbox 499 4100 542 4149; x_wconf 88' lang='lat' dir='ltr'>the</span> <span class='ocrx_word' id='word_1_211' title='bbox 555 4105 660 4162; x_wconf 86' lang='lat' dir='ltr'>present</span> <span class='ocrx_word' id='word_1_212' title='bbox 672 4101 788 4165; x_wconf 64' lang='lat' dir='ltr'>Legem,</span> <span class='ocrx_word' id='word_1_213' title='bbox 822 4098 936 4167; x_wconf 82' lang='lat' dir='ltr'>xxxvii.)</span> 
     </span>
    </p>
   </div>
   <div class='ocr_carea' id='block_1_4' title="bbox 0 0 1430 4890">
    <p class='ocr_par' dir='ltr' id='par_1_4' title="bbox 0 0 1430 4890">
     <span class='ocr_line' id='line_1_33' title="bbox 0 0 1430 4890; baseline 0 4"><span class='ocrx_word' id='word_1_214' title='bbox 0 0 1430 4890; x_wconf 95' lang='lat' dir='ltr'> </span> 
     </span>
    </p>
   </div>
  </div>
 </body>
</html>
