2850 4890
208 332 274 396 224
479 348 665 396 uursrour
683 349 897 397 varnasona

209 509 429 574 nibilominus
459 511 726 577 instituebantur
752 511 923 596 exemplo,
951 509 1043 577 ‘Vae
1066 509 1167 574 vobis

209 611 387 691 divitibus,
414 615 497 696 quia
526 613 662 679 habetis
694 615 964 680 consolationem
991 612 1167 679 vestram!

210 713 265 776 An
279 713 368 778 forte
379 735 511 780 errasse
527 736 568 781 ac
582 717 798 783 mendacium
810 717 990 800 scripsisse
1003 723 1167 799 putamus

210 816 416 897 apostolum,
431 838 536 901 quum
550 839 614 882 nos
630 819 816 884 admonens
832 819 980 897 dicebat,
994 823 1005 852 ‘
1018 818 1167 893 Fratres,

210 917 316 981 nolite
336 919 469 997 errare,’
487 921 673 1002 statimque
694 922 883 999 subtexuit,
897 926 907 954 ‘
922 919 1047 1002 Neque
1063 917 1170 993 avari,
1192 935 1205 976 s

211 1037 321 1100 neque
333 1020 468 1098 ebriosi,
479 1039 591 1104 neque
605 1041 760 1104 rapaces
774 1042 914 1104 regnum
930 1021 997 1085 Dei
1013 1018 1168 1103 posside·

212 1119 318 1183 bunt.’
361 1119 407 1184 Et
420 1121 553 1198 iterum,
565 1129 574 1157 ‘
587 1122 666 1186 Hoc
680 1130 794 1187 autem
808 1124 943 1200 scitote,
955 1122 1047 1205 quod
1058 1120 1168 1184 omnis

213 1220 410 1300 fornicator,
430 1230 491 1286 aut
509 1223 714 1302 immundus,
735 1232 795 1288 aut
813 1243 950 1300 avarus,
965 1230 1028 1288 aut
1046 1241 1168 1304 rapax,

212 1323 304 1404 quod
320 1324 552 1387 estidolorum
570 1325 727 1402 servitus,
742 1345 809 1389 non
824 1324 929 1390 babet
944 1323 1168 1388 hereditatem

213 1424 249 1487 in
271 1445 373 1507 regno
400 1425 527 1490 Christi
553 1435 588 1490 et
611 1426 699 1491 Dei?
744 1426 859 1506 Quum
883 1446 964 1516 ergo
987 1423 1168 1508 apostolus
1179 1441 1207 1485 ro

213 1528 394 1591 avaritiam
421 1534 456 1591 et
483 1529 707 1610 rapacitatem
733 1528 962 1593 idololatriam
986 1525 1169 1592 manifeste

213 1630 440 1710 cognominet,
459 1630 629 1713 quomodo
651 1630 842 1714 putandum
868 1636 923 1694 est
941 1647 1002 1693 eos
1023 1647 1168 1705 errasse,

214 1731 274 1814 qui
301 1731 356 1797 vel
386 1731 630 1814 subscriptioni
655 1732 751 1796 avari
776 1738 957 1808 mercatus,
980 1749 1059 1812 rege
1089 1730 1170 1793 licet

214 1833 414 1916 imperante,
429 1853 567 1896 manum
582 1832 825 1910 subtraxerint,
839 1831 895 1896 vel
911 1831 955 1895 ad
976 1829 1169 1895 eradendas

214 1934 353 1997 inutiles
363 1936 551 2016 scripturas
561 1954 602 1998 ac
614 1935 892 2017 subscriptiones,
903 1951 1021 1997 eorum
1032 1951 1169 1996 manum
1180 1951 1207 1993 u

215 2036 460 2118 apposuerint?

259 2137 341 2220 §la
364 2137 410 2201 Et
418 2139 554 2221 quidem
563 2138 718 2203 miranda
729 2147 784 2204 est
792 2138 967 2204 temeritas
977 2138 1169 2214 stultorum,

215 2239 269 2304 vel
284 2239 400 2322 potius
412 2241 569 2305 deflenda
579 2240 718 2304 miseria
730 2259 912 2319 coecorum,
927 2241 987 2322 qui
1002 2259 1080 2304 oum
1095 2239 1170 2304 sine

216 2343 287 2406 ullo
316 2352 474 2426 respectu
504 2343 643 2426 superni
679 2344 820 2421 timoris,
846 2343 977 2425 passim
1004 2362 1058 2420 ea,
1093 2361 1169 2426 quae

217 2446 366 2528 apostoli
381 2453 415 2509 et
429 2445 604 2528 prophetae
619 2445 736 2510 afflatu
757 2445 877 2509 Sancti
897 2445 1047 2527 Spiritus
1065 2445 1205 2526 scrip-m

217 2556 346 2626 serunt,
371 2547 562 2612 rescindere
592 2566 634 2610 ac
662 2546 758 2610 nihili
786 2546 934 2628 pendere
963 2547 1169 2628 probantur,

215 2648 298 2713 illud
323 2669 341 2713 e
368 2657 497 2727 contra,
519 2649 609 2732 quod
634 2648 702 2731 ipsi
722 2648 777 2712 vel
797 2648 925 2712 similes
945 2648 1099 2731 ipsorum
1120 2648 1168 2711 in·

216 2752 345 2816 stinctu
372 2752 527 2817 avaritiae
558 2752 615 2816 vel
647 2751 793 2816 luxuriae
822 2751 1043 2832 scripserunt,
1070 2749 1168 2832 quasi

215 2861 373 2918 sanctum
390 2874 431 2918 ac
445 2853 610 2918 divinitus
625 2860 763 2917 cautum
779 2853 918 2916 eradere
933 2859 1039 2934 atque
1057 2871 1170 2915 emen·

215 2955 296 3018 dare
322 2955 516 3034 formidant,
541 2955 577 3018 in
596 2973 735 3032 morem,
755 2955 791 3017 ni
814 2952 923 3030 fallor,
945 2952 1205 3029 ethnicorum,a⁵

217 3058 277 3139 qui
292 3064 463 3120 contemto
479 3056 546 3121 Dei
561 3056 656 3120 cultu
671 3076 724 3133 ea,
739 3076 817 3138 quae
831 3055 899 3138 ipsi
919 3055 985 3119 sibi
1005 3054 1049 3118 de
1070 3053 1171 3118 corde

216 3178 281 3222 suo
315 3159 488 3223 finxerunt
519 3179 560 3223 ac
593 3159 758 3234 fecerunt,
786 3159 927 3222 numina
955 3165 1172 3234 venerantur,

216 3260 349 3338 timent,
364 3261 493 3338 colunt,
508 3261 654 3325 adorant
668 3268 703 3324 et
718 3261 910 3337 obsecrant,
926 3258 1098 3323 dominica
1114 3260 1172 3324 illa

216 3360 444 3424 insectatione
463 3361 666 3442 dignissimi,
686 3381 755 3443 qua
775 3361 965 3444 pharisaeos
992 3381 1070 3425 cum
1091 3381 1172 3426 suas

217 3460 414 3526 deuteroses
429 3463 496 3544 legi
508 3463 576 3527 Dei
588 3470 835 3546 praeponerent,
849 3463 1032 3544 redarguit,
1044 3463 1172 3541 dinone,
1183 3480 1209 3531 ro

216 3562 354 3642 ‘Quare
369 3571 403 3627 et
414 3584 476 3628 vos
489 3566 762 3647 transgredimini
776 3565 973 3629 mandatum
990 3564 1057 3629 Dei
1073 3585 1173 3648 prop

218 3674 269 3729 ter
288 3663 505 3728 traditionem
531 3666 712 3731 vestraml’
758 3666 827 3745 Qui
854 3669 884 3731 si
905 3667 1009 3731 etiam
1036 3668 1174 3733 chartas

264 4009 269 4037 ¹
294 4012 336 4060 Voe
346 4005 432 4079 vobis]
455 4013 482 4060 S.
494 4015 558 4062 Luc,
571 4013 606 4062 vi.
619 4017 660 4061 24.
756 4010 766 4042 ⁷
784 4014 838 4061 Hoc
848 4008 949 4081 cutem]
970 4013 1038 4074 Eph,
1050 4029 1074 4063 v.
1088 4020 1113 4064 b.

261 4081 270 4108 ⁴
291 4076 411 4150 Fratrem]
432 4087 443 4131 l
459 4083 619 4133 Cor.vi.10.
747 4080 765 4110 ³¹
786 4079 887 4152 Quare]
906 4085 943 4134 St.
958 4085 1035 4134 Mart.
1048 4099 1092 4134 xv.
1105 4089 1130 4134 3.
