2850 4890
303 367 440 414 virus.
458 365 825 428 curusanr1‚nucr.
843 367 960 415 anon
1047 352 1114 419 265

197 519 273 588 §la
310 512 379 571 Fuit
406 513 493 591 igitur
519 513 691 572 miraculum
720 511 812 584 aliud,
841 515 869 572 in
898 535 957 593 quo
988 514 1171 620 primumRne
1134 528 1159 570 ln
1160 531 1230 570 erdem
1241 534 1262 570 ιι

154 606 276 658 sauctus
294 599 382 658 homo
401 598 459 658 Dei
476 598 655 658 Cuthbertus
671 620 689 658 a
708 599 837 659 Domino
858 598 1039 679 glorificatus
1056 608 1113 668 est,
1133 579 1212 632 ΜΨ

155 694 313 766 postquam
349 685 497 744 servitutis
532 684 640 744 Christi
673 688 778 764 jugum
810 694 997 765 tonsuraeque
1029 685 1114 745 Petri
1177 722 1179 727 ·

155 771 312 843 formam,
305 789 335 828 ιιι
350 769 469 828 modum
485 790 601 829 coronae
617 771 708 850 spinae
723 779 814 849 caput
827 770 938 830 Christi
957 772 1113 849 cingentis,

126 856 283 916 sDomiuo
301 854 471 933 adjuvante,
487 863 670 934 susceperat,
691 857 720 915 in
739 858 884 926 coenobio,
905 857 987 936 quod
1006 856 1114 916 dicitur

157 941 278 1021 Hrype,
300 941 377 1001 sicut
393 942 485 1000 nostri
503 938 666 1000 fidelissimi
683 949 788 1011 testes,
806 951 837 1000 et
857 941 956 1000 adhue
971 943 1114 1014 viventes,

155 1026 369 1087 indicaverunt.
396 1027 566 1086 Ministrare
577 1047 703 1106 namque
713 1028 878 1107 hospitibus
891 1027 1115 1087 advenientibus

158 1114 257 1172 statim
277 1114 444 1192 neophytus
462 1133 480 1172 a
495 1111 606 1172 familia
623 1113 735 1173 electus
753 1123 810 1173 est.
853 1112 934 1172 Inter
953 1134 1029 1193 quos
1050 1114 1115 1192 qui-

157 1197 226 1257 dem
254 1198 382 1279 quadam
409 1197 458 1256 die
482 1199 511 1256 iu
535 1198 679 1258 matutina
702 1201 785 1268 hora,
813 1199 942 1279 hyemali
968 1209 998 1258 et
1024 1199 1116 1258 niuali

116 1301 148 1345 10
159 1294 303 1364 tempore,
324 1285 459 1363 apparuit
482 1285 509 1342 ei
529 1283 667 1362 Angelus
692 1282 812 1343 Domini
834 1286 862 1344 in
884 1283 979 1344 forma
1000 1285 1115 1343 stabilis

157 1371 212 1430 viri
229 1368 419 1450 perfectaque
437 1378 535 1440 aetate,
555 1370 632 1429 sicut
650 1370 823 1450 patriarchae
841 1370 965 1430 Abrahe
986 1373 1015 1429 iu
1037 1370 1115 1430 valle

158 1456 295 1515 Mambre
312 1455 422 1534 Angeli
437 1456 466 1514 in
486 1455 581 1514 forma
600 1455 728 1515 virorum
749 1464 955 1536 apparuerunt.
998 1454 1115 1514 Deinde

158 1562 229 1619 ergo
253 1551 390 1621 suscepto
410 1561 447 1600 eo
467 1541 630 1600 seeundum
648 1561 757 1601 morem
774 1544 839 1621 ejus
855 1543 991 1620 benigne,
1009 1548 1116 1621 putans

158 1627 255 1686 adhuc
269 1628 414 1686 hominem
429 1647 508 1696 esse,
522 1636 553 1686 et
566 1647 623 1686 nou
639 1627 802 1705 Angelum,
817 1628 924 1687 lavatis
937 1628 1072 1686 manibus
1087 1635 1118 1685 et

113 1730 147 1774 15
158 1712 283 1793 pedibus
305 1712 581 1792 linteaminibusque
604 1722 734 1791 tergens,
757 1720 787 1773 et
814 1713 948 1772 manibus
971 1711 1118 1772 humiliter

159 1808 278 1878 propter
303 1798 441 1876 frigorem
467 1799 576 1858 fricans
599 1806 630 1857 et
651 1798 828 1859 calefaciens
851 1799 943 1880 pedes
967 1800 1052 1877 ejus;
1086 1807 1117 1857 ut

159 1885 262 1943 horam
289 1883 349 1943 diei
377 1884 492 1942 tertiam
521 1884 559 1943 ad
588 1884 762 1964 capiendum
790 1885 890 1946 cibum
918 1892 1117 1964 exspectaret,

159 1969 306 2033 nolentem
326 1978 554 2049 renuentemque
573 1972 666 2029 causa
680 1971 790 2030 itineris
805 1969 1029 2048 diligentissime
1042 1970 1116 2030 invi-

159 2056 255 2125 tabat,
279 2064 310 2114 et
331 2056 493 2135 postremo,
515 2054 679 2133 adjurando
696 2065 793 2115 tamen
815 2057 843 2114 in
861 2056 977 2114 nomine
996 2054 1117 2115 Domini

117 2157 149 2201 20
160 2141 252 2200 nostri
271 2141 346 2200 Jesu
362 2141 483 2211 Christi,
502 2142 712 2202 consentiendo
733 2142 902 2221 superabat.
944 2141 1040 2201 Facto
1050 2143 1116 2219 jam

160 2227 245 2305 signo
262 2225 321 2286 diei
338 2226 418 2286 horae
438 2227 532 2286 tertiae
549 2234 581 2285 et
599 2229 729 2287 oratione
750 2235 965 2297 consummata,
986 2246 1117 2286 mensam

161 2314 260 2372 statim
278 2313 425 2392 apposuit,
441 2320 605 2392 praeparato
624 2313 691 2372 cibo
709 2313 846 2392 desuper,
863 2333 949 2391 quem
969 2313 1115 2380 habebat;

161 2399 232 2478 quia
259 2400 335 2457 euim
363 2398 447 2477 panis
475 2418 548 2456 casu
581 2399 681 2479 aliquo
713 2419 770 2457 uon
798 2407 862 2457 erat
887 2399 916 2456 in
945 2397 1117 2468 diversorio,

161 2494 275 2543 tantum
304 2484 396 2542 micas
429 2503 481 2561 pro
512 2484 670 2543 benedicto
697 2504 774 2564 pane
803 2492 998 2561 congregatus
1030 2503 1117 2563 super

117 2585 150 2630 25
162 2588 295 2628 mensam
315 2569 478 2629 constituit.
520 2569 592 2628 Ibat
608 2571 696 2629 etiarn
715 2571 804 2628 homo
821 2578 970 2629 revertens
994 2568 1032 2627 ad
1054 2589 1117 2626 mo-

160 2655 330 2723 nasterium,
352 2674 487 2733 quaerens
509 2676 625 2734 panem,
651 2663 681 2715 et
709 2675 766 2715 ιιοιι
791 2656 909 2714 invento
935 2675 971 2713 eo
1003 2653 1115 2730 (adhuc

162 2742 238 2800 euim
257 2742 425 2819 coquebant
437 2760 530 2818 panes
546 2741 573 2800 iu
589 2741 733 2817 fornace),
748 2761 883 2800 reversus
899 2748 946 2799 est
964 2737 1002 2798 ad
1017 2741 1117 2819 hospi-

161 2836 232 2897 tem,
246 2846 333 2905 quem
353 2826 448 2885 solum
465 2826 623 2905 reliquerat
639 2827 876 2897 manducantem,
891 2834 921 2884 et
938 2846 994 2885 uon
1008 2827 1120 2885 invenit

162 2932 228 2970 eum
252 2912 304 2981 ibi,
329 2931 384 2971 nec
407 2912 532 2989 vestigia
556 2912 664 2990 pedum
688 2914 771 2989 ejus;
792 2915 858 2991 jam
882 2913 958 2970 enim
983 2912 1033 2969 nix
1057 2921 1120 2969 erat

117 3013 150 3058 3⁰
162 3017 251 3078 super
276 2996 383 3056 faciem
412 3007 505 3056 terrae.
551 2997 768 3077 Obstupelacto
798 3018 868 3074 ergo
895 2997 962 3068 sihi,
986 3016 1118 3056 mensam

162 3083 287 3142 removit
300 3082 339 3141 ad
352 3082 532 3154 cubiculum,
548 3084 713 3161 intelligens
725 3104 791 3142 eum
802 3082 954 3161 Angelum
966 3080 1024 3141 Dei
1039 3102 1117 3142 esse.

148 3169 205 3244 ‚Er
226 3169 319 3247 primo
339 3169 368 3226 in
392 3169 509 3228 introitu
534 3171 600 3247 ejus
624 3190 709 3229 nares
733 3169 824 3228 odore
846 3169 930 3248 panis
951 3168 1118 3228 suavissimi

161 3254 282 3333 repletae
304 3263 383 3325 sunt,
406 3263 436 3312 et
458 3255 581 3314 inventis
602 3275 721 3334 quoque
745 3255 837 3313 tribus
861 3255 986 3333 panibus
1003 3253 1119 3324 calidis,

161 3340 271 3419 gratias
296 3341 358 3418 egit
384 3339 525 3410 Domino,
549 3340 630 3420 quod
652 3341 680 3399 iu
706 3361 742 3400 eo
766 3340 917 3420 impletum
942 3351 988 3399 est
1008 3339 1120 3400 dictum

201 3603 307 3677 wara]
334 3609 387 3657 Vit.
401 3610 615 3670 Pros.Cap.vrr;
659 3625 702 3659 are
721 3611 856 3659 described
879 3612 913 3671 by
939 3610 1033 3669 Usher,
1062 3609 1120 3656 Pri-

199 3677 332 3728 3Τοιιιιιιιι
345 3674 436 3747 Petri]
455 3680 509 3728 The
522 3684 625 3729 tonsure
658 3681 738 3729 mord.
759 3696 786 3742 p.
809 3685 865 3730 922.
891 3680 941 3730 and
965 3681 998 3741 by
1018 3678 1120 3728 Alford.

165 3750 194 3798 ol
204 3751 243 3800 St.
257 3751 345 3812 Peter,
356 3766 384 3798 or
395 3750 424 3798 of
434 3750 524 3810 Rome,
533 3751 560 3798 in
574 3752 626 3799 dis·
658 3752 754 3801 Annal.
767 3764 829 3799 ιι).
840 3755 899 3811 664,
911 3752 924 3813 §
938 3754 978 3798 12.
1014 3746 1120 3797 Amala-

166 3821 273 3869 tinction
285 3820 349 3868 from
361 3821 417 3868 that
427 3820 456 3868 of
462 3821 501 3870 St.
512 3821 590 3883 Paul,
599 3837 627 3870 or
658 3824 713 3870 rius
726 3822 881 3870 Fortunatus
893 3818 947 3885 (ob.
963 3833 988 3868 ι.
1008 3832 1035 3866 ι).
1048 3816 1119 3883 814),

165 3890 195 3940 of
213 3890 258 3940 the
278 3887 353 3951 East,
374 3905 430 3939 was
454 3905 502 3939 one
531 3891 561 3939 of
583 3891 627 3940 the
658 3894 685 3941 in
702 3892 742 3940 his
758 3892 833 3940 work
851 3892 891 3939 De
908 3890 980 3939 Eccl.
998 3888 1119 3938 Officir.

164 3962 296 4023 questions
304 3960 505 4010 discussedwith
514 3975 542 4009 so
551 3962 627 4010 much
659 3967 701 4022 39,
713 3968 804 4024 quotes
817 3960 868 4010 this
879 3974 999 4022 passage.

165 4032 328 4093 acrimouyat
335 4031 377 4080 the
386 4032 473 4092 Synod
480 4031 509 4079 of
513 4032 627 4081 Streues·
696 4029 715 4059 ¹²
731 4030 860 4092 Mambre]
879 4032 945 4080 Gen.
959 4030 1032 4079 xviii.
1044 4033 1069 4079 1.

166 4102 239 4151 halh.
282 4103 330 4151 See
343 4103 380 4151 H.
394 4104 424 4152 E.
436 4103 475 4152 iii.
488 4105 530 4150 26.
573 4103 627 4151 The
695 4100 714 4131 ³⁴
732 4103 831 4152 Dictum
842 4100 963 4163 Domini]
985 4101 1081 4150 Matri.
1094 4115 1121 4149 x.

167 4178 257 4222 nature
271 4173 321 4222 aud
337 4173 400 4222 ιὀιιιι
418 4172 447 4221 ol
461 4173 504 4222 the
524 4178 627 4222 tonsure
643 4177 702 4238 ¹10.
