2850 4890
457 360 638 409 sucronn
653 362 740 411 vnn.
758 362 869 411 anan.
1088 344 1153 414 153

185 519 276 583 mico
300 518 514 585 abinvicem
539 521 724 586 certamine
743 521 912 605 direptum
935 521 1039 605 periit
1062 542 1151 607 pau·
1171 533 1315 585 nucea

184 619 301 704 lisper,
316 628 353 685 et
372 641 393 685 a
410 640 475 685 sua
489 641 695 686 concussum
710 622 886 689 soliditate
901 623 1036 688 defecit.
1080 624 1149 689 Sed

186 730 222 786 et
242 722 487 806 Evangelicam
506 723 602 786 illam
621 726 784 789 monebat
804 726 877 790 sine
894 724 1150 791 intermissione

184 825 400 889 recolendam
419 843 496 889 esse
516 825 732 902 sententiam,
752 825 872 904 ‘Quia
891 846 991 892 omne
1009 846 1149 912 regnum

153 925 217 989 cin
231 926 347 1010 seipso
363 926 512 993 divisum
527 926 756 992 desolabitur.'

229 1131 248 1216 ξ
263 1131 315 1195 14.
338 1130 448 1215 Igitur
459 1139 540 1216 post
552 1131 627 1196 haec
641 1129 806 1194 revolutis
816 1131 992 1196 mensibus
1003 1131 1149 1211 duobus,
1168 1149 1203 1201 Α.
1212 1151 1245 1200 n.
1258 1155 1316 1204 osa.

185 1233 296 1317 primo
309 1235 515 1299 venerabilis
531 1252 572 1297 ac
586 1233 663 1298 Deo
679 1232 826 1297 dilectus
841 1234 950 1298 abbas
969 1233 1149 1316 Sigliidus,
1169 1218 1209 1260 ¹¹¹⁸
1219 1220 1287 1260 ⁶⁰⁸⁸*

184 1336 393 1419 pertransito
415 1336 492 1418 igne
518 1344 554 1400 et
579 1354 670 1418 aqna
695 1335 955 1400 tribulationum
979 1344 1149 1420 tempora-

183 1436 278 1515 lium,
292 1436 454 1501 inductus
469 1443 524 1500 est
542 1437 579 1500 in
593 1435 803 1518 refrigerium
818 1434 1036 1521 sempitemae
1052 1439 1149 1522 quie-

143 1555 175 1601 ιο
188 1539 246 1617 tis,
261 1538 394 1603 introiit
406 1539 442 1602 in
456 1537 593 1603 domum
606 1539 700 1622 regni
714 1539 878 1618 coelestis,
888 1540 925 1603 in
935 1538 1149 1605 holocaustis

187 1646 365 1722 perpetuae
389 1639 601 1704 laudationis
624 1639 770 1705 reddens
793 1660 858 1705 sua
881 1648 964 1706 vota
988 1641 1150 1720 Domino,

186 1758 265 1823 quae
285 1740 405 1804 sedula
425 1741 596 1805 labiorum
609 1741 812 1806 mundorum
832 1742 1052 1807 distinctione
1071 1763 1150 1826 pro·

184 1842 346 1921 miserat3
370 1861 411 1906 ac
432 1842 566 1922 deinde,
582 1843 754 1926 adjunctis
777 1843 854 1908 aliis
873 1845 1048 1909 mensibus
1064 1865 1150 1928 qua-

185 1951 274 2020 tuor,
286 1943 446 2009 vitiorum
456 1945 567 2010 victor
581 1944 791 2010 Benedictus
807 1952 842 2009 et
852 1945 1019 2010 virtutum
1033 1953 1155 2029 patra-

142 2065 174 2110 15
188 2053 243 2110 tor
261 2047 426 2129 egregius
443 2045 557 2111 victus
576 2046 775 2111 infirmitate
795 2048 909 2111 carnis
932 2047 976 2112 ad
995 2055 1149 2113 extrema

187 2148 353 2231 pervenit.
397 2147 481 2212 Nox
500 2149 570 2212 ruit
588 2147 738 2213 hibernis
758 2149 872 2231 algida
889 2149 1052 2231 flatibus3
1074 2150 1148 2215 dies

186 2269 267 2314 mox
279 2257 402 2314 sancta
415 2252 591 2315 nascitura
605 2257 742 2316 aeternae
753 2250 940 2329 felicitatis,
952 2252 1149 2316 serenitatis

187 2359 223 2416 et
249 2351 349 2417 lucis.
395 2352 613 2418 Conveniunt
641 2353 779 2418 Fratres
806 2352 851 2417 ad
880 2351 1074 2431 ecclesiam,
1096 2354 1150 2417 in-

182 2473 326 2545 somnes
347 2456 559 2520 orationibus
581 2464 616 2520 et
635 2455 779 2539 psalmis
800 2455 994 2538 transigunt
1012 2443 1152 2522 umbras

143 2576 176 2621 no
189 2557 323 2639 noctis3
347 2566 382 2622 et
406 2566 561 2641 patemae
588 2558 799 2622 decessionis
825 2557 959 2639 pondus
985 2557 1151 2622 continua

187 2659 313 2724 divinae
333 2659 446 2724 laudis
465 2659 697 2724 modulatione
716 2659 880 2722 solantur.
923 2656 996 2722 Alii
1011 2659 1150 2723 cubicu-

185 2760 270 2838 lum,
284 2761 320 2825 in
334 2780 404 2845 quo
418 2780 518 2844 aeger,
529 2762 644 2826 animo
656 2762 830 2837 robustus,
842 2779 1018 2844 egressum
1030 2762 1150 2826 mortis

188 2867 224 2925 et
233 2862 316 2927 vitae
325 2863 552 2944 exspectabat
561 2863 837 2944 ingressum,non
848 2863 1019 2927 deserunt.
1036 2861 1151 2927 Evan-

188 2964 314 3046 gelium
338 2972 413 3029 tota
429 2972 531 3030 nocte
555 2985 618 3048 pro
644 2965 772 3030 doloris
797 2965 977 3045 levamine,
1001 2965 1095 3049 quod
1115 2972 1151 3031 et

144 3085 176 3130 aa
191 3066 270 3130 aliis
289 3068 448 3131 noctibus
468 3066 541 3131 fieri
561 3074 797 3145 consueverat,
812 3086 834 3131 a
853 3068 1053 3151 presbytero
1066 3066 1150 3149 legi·

188 3175 260 3249 tur;
283 3168 455 3232 Dominici
469 3169 619 3251 corporis
635 3175 671 3232 et
685 3167 862 3249 sanguinis
877 3168 1150 3247 Sacramentum,

189 3268 274 3335 hora
299 3269 416 3333 exitus
439 3270 600 3347 instante,
628 3287 691 3351 pro
714 3267 854 3332 Viatico
885 3269 1003 3351 datur;
1038 3277 1074 3333 et
1098 3270 1151 3336 sic

189 3371 306 3436 anima
324 3371 385 3434 illa
405 3378 537 3451 sancta,
557 3371 668 3452 longis
688 3370 899 3451 flagellorum
919 3370 1070 3435 felicium
1090 3393 1152 3437 ex-

189 3481 289 3538 cocta
305 3481 409 3556 atquc
423 3475 622 3538 examinata
639 3472 798 3550 flammis,
811 3473 941 3537 luteam
956 3475 1069 3538 carnis
1084 3473 1152 3539 for-

145 3594 312 3640 sonacem
344 3574 480 3652 deserit,
518 3580 553 3638 et
589 3593 747 3657 snpemae
783 3573 1024 3639 beatitudinis
1043 3576 1153 3643 libera

189 3677 346 3762 pervolat
371 3678 413 3742 ad
442 3677 593 3760 gloriam.
638 3675 746 3759 Cujus
770 3676 922 3758 egressui
941 3677 1153 3742 victoriosis-

190 3780 289 3865 simo,
314 3799 425 3861 neque
449 3780 494 3843 ab
519 3777 704 3842 immundis
730 3777 908 3862 spiritibus
934 3777 1152 3860 aliquatenus

187 3881 405 3965 impediendo
432 3882 487 3947 vel
516 3879 733 3958 retardando,
762 3881 866 3944 etiarn
901 3878 1067 3961 psalmus,
1093 3879 1154 3961 qui

189 3993 263 4049 tum
281 4002 343 4066 pro
359 4001 400 4046 eo
415 3984 613 4061 canebatur,
627 3982 860 4046 testimonium
876 3982 947 4046 dat.
976 4065 979 4070 Ι
992 3980 1152 4063 Namque

146 4107 177 4152 aa
192 4085 332 4150 Fratres
346 4084 391 4149 ad
406 4085 588 4149 ecclesiam
601 4085 768 4168 principio
778 4084 891 4148 noctis
902 4077 1153 4158 concurrentes,

189 4187 392 4274 psalterium
406 4205 451 4251 ex
466 4186 584 4252 ordine
599 4187 835 4265 decantantes,
847 4185 892 4249 ad
907 4183 1153 4267 octogesimum
