2850 4890
347 346 437 392 vrrs
456 346 867 409 s.curuauar1,nuur.
886 350 1003 396 auom.
1091 335 1156 401 263

191 488 322 560 fluvium,
337 491 417 569 quod
437 490 545 550 dicitur
558 493 664 563 Leder,
680 513 747 552 cum
769 494 833 553 aliis
855 497 1023 574 pastoribus
1044 517 1155 576 pecora
1169 513 1328 554 rreuroneaven

190 574 301 635 domini
328 577 374 636 sui
403 578 555 657 pascebat,
583 587 761 659 pernoctans
789 581 817 638 in
847 581 965 659 vigiliis,
990 581 1152 641 secundum
1170 565 1197 614 bl
1210 566 1286 616 ‘'¹³⁰¹''

192 682 302 722 morem
329 666 406 741 ejus,
434 673 529 723 mente
558 663 639 722 fideli
672 665 823 724 uberrimis
857 668 1048 737 orationibus,
1078 667 1153 728 vidit

192 748 347 818 visionem,
368 768 457 828 quam
482 751 508 808 ei
538 749 684 810 Dominus
709 751 859 811 revelavit.
903 752 976 816 Hoc
1001 762 1048 813 est
1076 754 1151 816 coelo

162 843 302 914 saperto‚
330 854 388 892 nou
416 835 594 895 reseratione
622 837 841 907 elementorum,
870 838 923 897 sed
952 839 1151 918 spiritualibus

192 919 287 979 oculis
311 920 438 989 intuens,
457 921 548 996 (sicut
571 923 676 982 beatus
698 923 796 982 Jacob
819 923 987 1001 patriarcha
1010 924 1040 983 iu
1058 925 1150 994 Luza‚

191 1026 258 1084 quaa
287 1006 548 1083 cognominabatur
583 1007 703 1084 Bethel)
738 1009 859 1086 angelos
894 1010 1088 1074 ascendentes
1121 1021 1152 1070 et

192 1089 391 1151 decendentes
403 1091 540 1162 videbat;
563 1101 594 1152 et
604 1093 677 1153 inter
688 1114 792 1153 manus
807 1114 907 1153 eorum
921 1095 1048 1154 animam
1063 1116 1149 1155 sanc-

192 1186 264 1247 tam,
288 1177 375 1256 quasi
397 1177 427 1236 iu
449 1178 538 1255 globo
559 1178 657 1255 igneo,
675 1178 715 1239 ad
735 1180 841 1240 coelum
864 1179 969 1240 efferri.
1012 1180 1150 1261 Denique

148 1278 179 1323 10
190 1262 271 1321 illam
286 1263 429 1322 visionem
442 1271 503 1322 tam
516 1263 678 1323 mirabilem
693 1266 790 1324 statim
806 1267 956 1326 suscitatis
971 1267 1150 1346 pastoribus,

193 1359 226 1407 ut
239 1347 363 1419 viderat,
378 1347 531 1420 indicavit,
546 1351 724 1429 prophetans
739 1371 857 1431 quoque
872 1352 915 1411 eis
935 1353 1062 1414 animam
1082 1374 1150 1412 esse

192 1434 372 1493 sanctissimi
388 1435 533 1516 episcopi,
553 1445 605 1495 aut
622 1435 742 1495 alterius
762 1457 875 1515 maguae
891 1458 1036 1517 personae,
1057 1446 1090 1497 ut
1109 1439 1150 1498 rei

192 1519 317 1579 effectus
339 1520 494 1600 probabat.
539 1520 656 1580 Etenim
675 1529 744 1602 post
762 1542 876 1601 paucos
895 1521 971 1594 dies,
996 1524 1150 1583 celeberri-

193 1625 272 1663 mum
292 1607 403 1679 obitum
424 1608 519 1667 sancti
538 1608 671 1687 episcopi
690 1609 782 1667 nostri
795 1607 936 1686 AEgdani,
952 1609 1056 1668 eadem
1078 1611 1152 1670 hora

152 1707 180 1751 15
193 1691 300 1761 noctis,
316 1712 376 1771 qna
391 1692 440 1750 ille
456 1693 570 1752 viderat
583 1693 737 1767 visionem,
747 1693 836 1774 longe
850 1694 966 1773 lateque
980 1695 1150 1763 nunciatum

193 1796 258 1836 esse
273 1775 436 1837 audierunt.

235 1867 248 1936 ξ
261 1869 291 1922 9.
315 1863 417 1921 Unum
432 1864 530 1922 adhuc
544 1863 727 1935 miraculum,
743 1864 825 1944 quod
839 1865 1034 1943 injuventute
1051 1885 1106 1924 sua
1122 1865 1150 1923 ei
1170 1877 1318 1938 mrraanouuy

193 1948 325 2026 contigit,
345 1967 403 2008 uon
423 1949 537 2010 omitto.
580 1950 723 2028 Pergeuti
741 1970 868 2029 namque
883 1972 919 2010 eo
938 1951 976 2011 ab
998 1958 1097 2010 austro
1111 1951 1150 2009 ad
1169 1929 1322 2029 illihilffi

193 2029 311 2103 flumen,
322 2032 403 2113 quod
414 2034 482 2094 Wir
496 2034 669 2106 nominatur,
683 2036 711 2094 iu
729 2055 770 2096 eo
780 2036 849 2096 loco
863 2038 913 2096 uhi
929 2037 1151 2096 Leunckcester
1164 2031 1262 2080 Journey.

148 2116 309 2187 addicitur,
342 2128 372 2179 et
399 2120 592 2180 transvadato
620 2141 668 2191 eo,
697 2119 736 2181 ad
766 2121 937 2181 habitacula
964 2122 1094 2182 vernalia
1121 2131 1152 2181 et

192 2205 348 2276 aestivalia,
370 2213 490 2285 propter
510 2207 631 2280 imbrem
652 2216 682 2266 et
702 2215 918 2287 tempestatem,
940 2227 1075 2267 reversus
1093 2217 1150 2267 est.

192 2289 276 2349 Nam
298 2291 369 2370 quia
387 2291 438 2350 illo
454 2300 584 2372 tempore
604 2293 723 2351 hiemali
741 2293 864 2352 desertis
885 2293 1073 2361 habitaculis,
1095 2294 1151 2351 sihi

193 2384 224 2435 et
237 2397 314 2455 aquo
330 2379 394 2455 ejus
407 2376 532 2456 fatigato
546 2397 639 2438 causa
652 2378 762 2437 itineris
777 2388 807 2437 et
820 2378 917 2450 famis,
932 2380 970 2438 ab
984 2378 1151 2448 hominihus

191 2460 232 2520 ibi
247 2462 479 2522 consolationem
494 2484 552 2524 non
566 2463 687 2535 invenit,
702 2463 853 2523 distratum
869 2484 976 2543 equum
988 2464 1108 2523 trahens
1122 2464 1150 2521 in

148 2563 181 2607 25
194 2546 315 2607 domum
337 2555 367 2608 et
387 2549 512 2626 alligans
535 2549 575 2608 ad
596 2549 747 2628 parietem,
768 2558 943 2629 exspectaus
966 2549 1151 2608 serenitatem

193 2653 340 2714 oransque
362 2634 403 2692 ihi
428 2633 468 2694 ad
493 2634 664 2704 Dominum,
687 2634 762 2694 vidit
789 2655 895 2714 equum
923 2643 1013 2713 caput
1037 2654 1152 2693 sursum

192 2718 357 2779 elevantem
372 2718 412 2779 ad
426 2728 507 2779 tecta
519 2720 717 2790 domunculae,
732 2730 904 2801 partemque
922 2719 996 2790 foeni
1008 2728 1152 2779 tectorum

193 2804 281 2865 avide
295 2805 516 2885 apprehendens
530 2807 620 2866 traxit
637 2804 675 2865 ad
691 2827 734 2867 se.
778 2806 852 2865 Cum
872 2827 931 2884 quo
953 2805 1051 2865 statim
1067 2805 1152 2884 panis

193 2890 310 2950 calidus
331 2912 398 2961 cum
422 2912 521 2963 carue,
545 2891 695 2951 involutus
715 2893 743 2951 in
766 2911 862 2970 panno
886 2892 963 2951 lineo
985 2889 1151 2968 diligenter,

149 2993 181 3036 30
193 2996 327 3036 seorsum
354 2974 465 3037 cadens
493 2978 620 3038 emissus
650 2986 706 3038 est.
752 2977 809 3036 llle
837 2997 919 3047 vero,
947 2986 1152 3047 consummata

193 3062 334 3133 oratione,
363 3064 499 3142 probavit
530 3062 795 3142 animadvertitque
823 3063 879 3122 sibi
907 3062 975 3122 esse
1004 3063 1102 3121 cibum
1133 3082 1152 3120 a

162 3193 170 3212 .
195 3147 263 3206 Deo
281 3148 520 3227 praedestinatum
538 3169 591 3229 per
607 3150 794 3209 emissionem
811 3149 934 3226 Angeli‚
956 3147 1006 3227 qui
1023 3167 1103 3226 saepe
1122 3146 1150 3206 in

195 3234 339 3312 angustiis
360 3235 422 3295 suis
444 3235 558 3314 adjuvit
578 3256 656 3306 eum,
672 3235 780 3314 gratias
800 3255 890 3314 agens
907 3233 985 3304 Deo,
999 3232 1153 3293 benedixit

236 3482 243 3510 ¹
264 3479 364 3552 Ledam]
381 3485 518 3533 Ariverin
532 3486 655 3534 scotland
689 3499 751 3533 near
771 3483 813 3533 the
836 3484 904 3532 river
931 3482 1020 3544 Wear,
1044 3484 1089 3529 not
1111 3479 1152 3529 sar

193 3555 326 3616 emptying
339 3554 412 3603 itsell
421 3556 474 3603 into
487 3555 530 3604 tha
541 3555 648 3604 Tweed.
689 3555 753 3604 from
766 3555 890 3603 Durham.
927 3551 965 3601 Aa
980 3554 1014 3602 ita
1026 3565 1100 3601 name
1112 3550 1150 3598 iu·

236 3622 246 3653 ⁷
263 3619 373 3693 Bathea]
393 3624 459 3676 Gen.
473 3641 551 3675 xxxv.
566 3629 590 3673 6.
689 3626 798 3687 dicatas,
818 3626 839 3674 it
857 3625 904 3672 has
924 3623 989 3672 been
1011 3639 1028 3672 a
1051 3623 1150 3671 Roman

229 3691 249 3724 ¹⁴
266 3689 394 3762 AEguani]
424 3697 466 3744 He
479 3711 533 3745 was
546 3695 589 3744 the
602 3697 657 3744 first
689 3697 793 3746 station.
829 3695 903 3744 Beda
922 3694 948 3742 iu
968 3693 1009 3742 his
1028 3698 1150 3741 accounts

193 3766 286 3827 bishop
301 3764 330 3814 of
340 3766 519 3830 'Lindisfarne,
531 3766 582 3816 and
594 3767 655 3815 died
689 3767 718 3815 of
734 3766 785 3815 this
805 3765 909 3815 miracle
934 3765 996 3813 does
1020 3768 1065 3812 not
1082 3767 1149 3811 state

195 3841 326 3886 s.n.661.
689 3837 775 3886 where
791 3837 811 3884 it
829 3849 883 3884 was
901 3833 1054 3896 performed.
1092 3829 1149 3901 The

230 3904 249 3935 ¹⁷
270 3900 370 3974 Uerria]
388 3907 655 3969 vit.Pr0s.Cap.v1;
689 3907 849 3957 Bollandists
861 3905 1025 3964 erroneously
1037 3903 1150 3963 imagine

195 3978 250 4025 vit.
262 3977 328 4026 Met.
341 3977 404 4037 Cap.
417 3991 455 4026 vr.
688 3977 745 4026 that
756 3978 778 4025 it
788 3990 845 4026 was
858 3975 966 4036 Lumley
979 3974 1076 4033 Castle,
1088 3986 1151 4021 near

230 4045 249 4075 ¹⁹
265 4042 457 4115 Leanckcester]
472 4049 604 4110 Probably
612 4048 655 4097 the
690 4046 943 4110 chester-le-Street‚
960 4059 1050 4106 avery
1064 4047 1152 4092 recent

195 4126 299 4180 present
338 4118 503 4181 Lanchester,
542 4120 655 4169 situated
689 4119 817 4180 building.
