2850 4890
517 379 696 427 sacrorn
715 378 801 425 vnn.
821 379 932 426 anna.
1159 361 1202 425 93

246 557 359 601 meum
378 537 503 602 laesura
525 539 653 621 aliqua,
678 538 733 603 vel
757 547 905 602 mentem
927 537 1058 614 timore,
1081 543 1200 601 conta·
1220 549 1366 600 altaro.

245 638 377 702 minare
391 638 575 704 valebant?

291 739 379 822 §32
414 739 493 803 Hoc
524 761 660 824 quoque
689 740 867 804 Fratribus
894 741 1028 804 solebat
1053 738 1202 803 crebrius
1222 755 1352 846 gimm-

248 840 416 918 intimare,
427 860 470 904 ne
481 841 772 905 conversationem
788 840 862 922 ejus
875 842 974 922 quasi
990 841 1205 922 singulariter
1313 833 1319 845 ⁶

219 941 420 1004 sexceisam
443 942 655 1019 mirarentur,
676 942 759 1024 quia
783 941 965 1004 contemtis
991 939 1204 1004 secularibus

248 1042 350 1119 euris,
371 1049 523 1106 secretus
545 1043 660 1106 vivere
684 1041 811 1105 mallet.
853 1040 947 1104 ‘Sed
965 1039 1063 1122 jure,’
1082 1039 1206 1121 inquit,

248 1149 327 1206 ‘est
347 1143 596 1206 coenobitarum
616 1142 689 1207 vita
715 1142 881 1219 miranda,
905 1142 964 1223 qui
987 1140 1124 1204 abbatis
1146 1158 1207 1222 per

249 1245 363 1306 omnia
396 1242 623 1326 subjiciuntur
656 1243 821 1324 imperiis,
851 1241 895 1305 ad
924 1241 1000 1324 ejus
1032 1240 1206 1303 arbitrium

249 1353 374 1409 cuncta
401 1344 579 1426 vigilandi,
613 1344 747 1423 orandi,
771 1343 964 1427 jejunandi,
992 1349 1096 1425 atque
1126 1361 1207 1423 ope·

206 1463 238 1509 ro
249 1445 347 1509 randi
361 1453 516 1527 tempora
529 1445 748 1509 moderantur
760 1466 769 1527 3
791 1465 935 1529 quorum
946 1443 1110 1526 plurimos
1125 1442 1207 1507 novi

250 1565 361 1610 meam
391 1547 596 1627 parvitatem
626 1546 726 1628 longe
755 1554 790 1610 et
819 1546 989 1610 munditia
1015 1545 1139 1608 mentis
1172 1552 1208 1607 et

250 1647 397 1710 culmine
412 1647 531 1729 gratiae
546 1645 758 1730 prophetalis
774 1647 915 1711 anteire.
962 1645 991 1709 E
1012 1646 1137 1728 quibus
1154 1653 1209 1709 est

249 1746 455 1811 venerabilis
467 1754 591 1810 etcum
603 1748 695 1809 omni
709 1746 968 1811 honorificentia
980 1744 1207 1809 nominandus

251 1866 371 1911 servus
400 1845 527 1911 Christi
558 1847 724 1924 Boisilus,
753 1848 813 1931 qui
841 1867 895 1910 me
923 1848 959 1910 in
990 1846 1208 1910 Mailrosensi

208 1967 239 2010 15
253 1947 461 2017 monasterio
483 1947 658 2029 quondam
680 1967 789 2011 senex
809 1948 1062 2012 adolescentem
1082 1947 1210 2011 nutrie-

251 2049 324 2126 bat,
344 2057 379 2113 et
400 2049 488 2113 inter
507 2048 728 2113 erudiendum
751 2058 887 2126 cuncta,
911 2070 989 2132 quae
1009 2050 1091 2113 mihi
1112 2055 1210 2113 erant

252 2158 409 2226 ventura,
438 2150 639 2233 prophetica
666 2150 813 2214 veritate
839 2150 1018 2233 praedixit;
1042 2158 1078 2213 et
1105 2169 1209 2213 unum

252 2251 489 2316 tantummodo
513 2258 622 2315 restat
643 2271 688 2315 ex
711 2252 869 2316 omnibus
896 2252 940 2315 ab
964 2271 1005 2315 eo
1024 2250 1106 2314 mihi
1124 2269 1210 2332 prae·

253 2351 367 2428 dicha,
396 2351 488 2432 quod
514 2352 646 2416 utinam
676 2371 851 2434 nunquam
879 2352 1080 2434 impleatur!
1130 2351 1209 2414 Hoc

209 2461 370 2519 mantem
387 2452 534 2530 dicebat,
549 2454 631 2536 quia
648 2453 813 2536 praefatus
829 2453 956 2518 Christi
976 2454 1123 2519 famulus
1139 2454 1211 2536 epi-

254 2560 419 2634 scopatus
439 2572 517 2616 eum
538 2552 644 2634 gradu
666 2553 883 2634 significabat
904 2575 981 2618 esse
1006 2554 1211 2631 functurum,

254 2654 354 2736 cnjus
367 2655 619 2737 perceptionem
633 2655 709 2737 ipse
724 2674 792 2718 non
809 2674 929 2737 parum
947 2655 1115 2720 desiderio
1129 2655 1212 2720 vitae

256 2756 448 2821 secretioris
463 2756 633 2821 horrebat.

564 3094 726 3160 CAPUT
750 3094 903 3160 XXIII.

224 3283 256 3328 aa
283 3261 442 3331 Quomodo
455 3263 581 3348 AElfled
593 3263 755 3328 abbatissa
770 3276 800 3328 et
815 3265 924 3351 puella
938 3265 1005 3351 par
1013 3287 1073 3351 per
1087 3287 1198 3330 zonam

445 3365 544 3450 ipsius
557 3366 622 3428 siat
636 3365 677 3428 ab
693 3366 879 3452 infirmitate
893 3377 1024 3430 raaatoe.

260 3565 348 3650 §38.
371 3566 511 3642 NnQun
532 3587 614 3631 vero
637 3569 823 3633 sanitatum
844 3568 1009 3633 miracula
1028 3588 1090 3650 per
1108 3567 1215 3631 homi·
1233 3589 1332 3630 curma

1231 3652 1290 3680 eures
1301 3638 1333 3678 St.

260 3688 339 3731 nem
363 3666 440 3744 Dei,
466 3669 603 3733 tametsi
629 3668 729 3750 longe
758 3670 803 3733 ab
831 3668 1024 3734 homiuibus
1054 3669 1216 3767 positum,
1235 3690 1323 3738 urana,

259 3767 331 3830 fieri
368 3768 561 3831 cessabant.
628 3767 804 3850 Siquidem
845 3769 1050 3834 venerabilis
1091 3770 1217 3832 ancilla

297 4025 316 4056 ¹⁴
334 4021 463 4098 Boisilus,]
482 4029 530 4080 See
541 4029 554 4096 ξ
567 4034 606 4082 lt).
790 4028 809 4059 ²⁴
827 4031 920 4081 Carus
931 4025 1052 4096 xxm]
1071 4028 1218 4078 VitAnon.

756 4099 832 4167 §w
851 4101 905 4150 vit.
919 4101 985 4150 Met.
1000 4100 1065 4160 Cap.
1078 4111 1135 4149 xxi.
