2850 4890
372 365 422 414 nn
440 365 513 415 sax
532 367 733 416 nrnrmns
750 367 899 417 sucum.
1049 353 1113 418 185

154 529 262 611 pulit3
292 528 351 610 qni
384 535 501 592 tamen
534 528 765 611 justissimam
797 549 875 593 cum
907 529 1015 595 matre
1047 550 1111 595 sua
1180 549 1242 610 Apuo

153 631 176 696 J
180 633 295 695 ustina
310 650 448 715 poenam
469 631 534 694 luit
552 630 678 708 exsilii,
693 631 777 713 quia
797 639 832 695 et
851 633 965 714 ipsum
979 631 1111 696 Ariana
1129 598 1212 704 fiiis
1227 596 1313 704 cciii

154 732 279 816 polluit
293 733 445 819 haeresis,
462 739 497 795 et
512 732 815 817 eminentissimam
828 731 1016 797 Catholicae
1032 733 1111 796 fidei

154 854 265 898 arcem
287 833 506 911 Ambrosium
524 833 655 915 perfida
675 833 852 897 obsidione
875 836 1028 912 vexavit,
1047 854 1110 898 nec

120 936 246 1018 sprius
262 955 366 1019 quarn
381 934 524 1018 prolatis
539 936 715 998 beatorum
731 934 890 999 Gervasii
905 943 940 999 et
958 935 1110 1001 Protasii

153 1046 351 1120 martyrum,
381 1036 458 1100 Deo
487 1035 672 1112 revelante,
706 1036 860 1118 reliquiis
894 1036 1110 1119 incorruptis,

153 1136 302 1202 nefanda
316 1144 433 1220 coepta
448 1137 608 1200 deseruit.

195 1238 421 1315 Theodosius,
442 1238 502 1321 qui
522 1239 690 1302 Gratiano
705 1240 845 1306 vivente
862 1257 899 1303 v1
923 1241 1022 1305 annis
1034 1241 1108 1324 Jam
1128 1246 1203 1292 4³4⁹·
1236 1247 1294 1293 ³⁹8·

153 1340 316 1404 orientem
332 1341 481 1422 regebat,
496 1347 575 1422 post
590 1349 731 1405 mortem
747 1343 821 1426 ejus
837 1345 990 1424 regnavit
1008 1343 1108 1407 annis

109 1458 141 1503 ro
157 1456 211 1502 Χῐ.
257 1440 338 1522 Ipse
354 1449 390 1504 ot
403 1439 682 1521 Valentinianus
697 1463 800 1525 quem
811 1443 916 1508 Italia
927 1445 1107 1525 expulsum

152 1541 298 1624 benigne
318 1549 530 1623 susceperat,
546 1541 738 1606 Maximum
753 1551 933 1625 tyrannum
950 1546 1049 1607 tertio
1065 1545 1108 1607 ab

152 1642 314 1725 Aquileia
329 1642 443 1724 lapide
457 1642 674 1706 interficiunt.
721 1642 791 1721 Qui
806 1645 967 1727 quoniam
980 1645 1108 1709 Britta-

153 1745 246 1808 niam
266 1745 358 1808 omni
376 1764 464 1827 pene
480 1752 612 1808 armata
626 1744 809 1829 juventute
825 1746 1001 1828 copiisque
1022 1747 1108 1809 mili-

152 1847 285 1910 taribus
311 1847 532 1929 spoliaverat,
552 1865 631 1928 quae
655 1845 846 1929 tyrannidis
866 1846 945 1929 ejus
961 1848 1108 1928 vestigia

111 1966 141 2011 15
154 1956 283 2012 secutae
302 1949 338 2011 in
353 1946 489 2011 Gallias
510 1967 683 2030 nunquam
703 1947 794 2011 ultra
812 1947 950 2011 domum
969 1949 1108 2026 rediere,

152 2049 310 2113 videntes
323 2033 557 2114 transmarinae
569 2049 681 2132 gentis
691 2049 903 2126 saevissimae,
913 2049 1106 2113 Scottorum

153 2170 175 2214 a
191 2152 306 2229 circio,
322 2149 498 2214 Pictorum
519 2151 562 2215 ab
583 2151 755 2233 aquilone,
776 2150 976 2215 destitutam
995 2152 1105 2214 milite

153 2271 194 2315 ac
230 2251 406 2317 defensore
438 2253 598 2329 insulam,
633 2252 829 2328 adveniunt,
866 2263 903 2316 et
933 2259 1107 2316 vastatam

153 2352 390 2437 direptamque
419 2373 496 2418 eam
523 2354 739 2435 multosper
764 2371 873 2416 annos
899 2353 1107 2435 opprimunt,

109 2473 141 2518 ro
153 2454 385 2537 Hieronymus
397 2473 505 2517 sacrae
517 2455 684 2535 interpres
696 2452 847 2516 historiae
859 2453 993 2530 librum,
1005 2473 1105 2536 quem

153 2559 196 2622 de
224 2558 420 2622 Illustribus
449 2557 603 2621 ecclesiae
632 2556 729 2620 Viris
764 2555 894 2633 scribit,
922 2576 1032 2638 usque
1062 2559 1106 2622 ad

153 2659 321 2724 decimum
337 2666 494 2742 quartum
513 2660 619 2723 totius
632 2657 764 2740 imperii
779 2657 965 2721 Theodosii
981 2678 1107 2722 annum

152 2763 323 2846 perduxit.

195 2863 366 2928 Arcadius
392 2864 482 2928 filius
507 2864 693 2928 Theodosii
718 2884 794 2928 cum
819 2862 923 2926 fratre
951 2863 1107 2926 Honorio
1126 2874 1200 2920 asor.
1230 2875 1289 2920 111.

110 2985 140 3028 25
155 2982 241 3028 X111.
284 2966 437 3049 Corpora
472 2976 667 3031 sanctorum
698 2965 841 3029 Abacuc
877 2971 912 3029 et
938 2962 1105 3028 'Micbaeae

152 3066 392 3149 prophetarum
408 3067 525 3131 divina
539 3066 749 3131 revelatione
764 3067 962 3148 produntur.
1000 3062 1107 3128 Gotbi

94 3214 95 3218 η
153 3167 304 3245 Italiam,
318 3167 470 3232 Vandali
490 3176 596 3252 atque
615 3166 721 3232 Alani
742 3168 888 3244 Gallias,
905 3165 1108 3248 aggrediun-

152 3277 216 3332 tur.
262 3267 484 3332 Innocentius
496 3267 617 3331 Romae
629 3269 812 3350 episcopus
828 3266 1001 3332 dedicavit
1014 3267 1107 3330 basi-

151 3370 254 3434 licam
287 3368 446 3433 Gervasii
478 3377 513 3433 et
546 3368 699 3432 Protasii
729 3377 915 3452 martyrum
947 3368 1107 3433 beatissi-

109 3489 141 3535 to
152 3490 293 3550 morum,
306 3490 351 3534 ex
363 3470 545 3535 devotione
557 3471 754 3535 testamenti
769 3469 950 3553 cujusdam
964 3470 1108 3534 illustris

151 3573 286 3637 feminae
310 3572 478 3636 Vestinae.
539 3572 701 3655 Pelagius
728 3571 842 3636 Britto
867 3571 935 3636 Dei
960 3573 1105 3662 gratiam

152 3675 343 3757 impugnat.

187 3968 197 3998 ⁸
215 3963 378 4037 nemun]
391 3969 464 4018 1113.
475 3969 611 4036 raxam.
682 3968 701 3997 ²⁴
717 3967 857 4031 Arcaea]
871 3968 906 4016 11.
919 3969 949 4016 n.
965 3972 989 4027 1,
1000 3979 1027 4016 x.
1040 3969 1053 4031 t
1066 3971 1107 4016 rs.
1130 3929 1132 3933 ¹

154 4112 167 4182 ξ
180 4039 212 4163 2¹}
225 4038 401 4101 Britanniam]
431 4040 466 4088 11.
481 4041 512 4090 E.
527 4043 551 4102 1,
564 4042 611 4088 xii.
681 4037 699 4067 ³¹
719 4033 854 4107 Pelagius]
875 4038 909 4087 H.
923 4039 954 4087 E.
969 4042 993 4100 l,
1005 4053 1031 4086 x.
1043 4035 1056 4103 §
1067 4041 1108 4087 26.
