2850 4890
628 346 840 392 Al‘l‘ENDlX.
1148 336 1212 399 233

255 507 348 565 lanter
371 526 522 576 exerceas,
546 515 576 564 et
600 506 641 565 ita
662 507 838 566 commissos
862 507 914 566 tibi
936 509 1066 568 oratione
1089 520 1119 568 et
1140 533 1209 572 cura

254 592 418 671 providenti
437 591 601 661 custodias,
617 600 649 649 ut
669 592 756 672 lupus
778 592 954 652 circumiens
976 594 1085 653 nullam
1107 595 1210 655 dilani-

255 677 325 735 andi
349 679 538 738 occasionem
560 678 708 746 inveniat;
742 685 888 756 quatenus
913 678 983 737 dum
1010 679 1078 740 Deo
1110 692 1211 742 nostro

256 763 431 832 incolumes,
441 783 565 842 quorum
575 763 732 842 suscepisti
744 782 856 831 curam,
868 763 1041 835 reddideris,
1052 777 1083 824 et
1093 770 1213 847 praemia

225 866 240 909 o
256 848 350 907 labori
368 858 421 908 tuo
442 851 535 925 gratia
554 869 608 908 sua
627 847 781 928 rependat,
796 857 827 907 et
841 849 894 907 tibi
914 857 1030 910 aterna
1044 853 1113 911 vitae
1132 853 1211 912 desi-

255 934 338 992 deria
350 933 533 1013 multiplicet.

297 1018 480 1078 Cochleares
503 1040 573 1078 vero
598 1027 629 1077 et
649 1018 788 1089 circulos,
811 1018 1053 1099 quos-direxisti,
1077 1025 1211 1104 suscepi·

254 1125 332 1174 mus,
344 1112 374 1162 et
382 1105 497 1163 caritati
507 1113 566 1164 tuae
578 1106 686 1182 gratias
696 1106 828 1182 agimus;
850 1106 920 1184 quia
931 1105 1055 1184 qualiter
1065 1127 1211 1187 pauperes

254 1189 360 1268 diligas
372 1190 538 1261 ostendisti,
548 1191 599 1270 qui
613 1190 652 1250 ad
665 1212 736 1250 usus
748 1211 859 1261 eorum,
871 1211 937 1270 quae
953 1200 1021 1251 sunt
1032 1195 1209 1266 necessaria,

210 1292 242 1335 ln
254 1276 448 1336 transmisisti.

394 1531 622 1594 Gnsoonrus¹
639 1531 757 1617 Ariqio
772 1531 924 1596 Patricio
944 1531 1072 1596 Gullioe.

255 1707 412 1772 QUANTA
434 1709 463 1765 in
485 1708 571 1766 vobis
592 1706 717 1775 bonitas,
738 1716 906 1786 quantaque
925 1706 1121 1767 mansuetudo
1142 1728 1210 1768 cum

254 1792 375 1852 Christo
399 1793 511 1872 placita
534 1792 657 1851 caritate
681 1791 880 1871 resplendeat,
905 1792 997 1852 latore
1022 1794 1209 1874 praesentium

254 1875 435 1955 Augustino,
472 1899 559 1937 servo
587 1877 657 1947 Dei,
690 1877 844 1947 referente,
875 1881 1089 1958 comperimus;
1121 1889 1210 1959 atque

210 1980 241 2022 15
254 1964 446 2043 omnipotenti
462 1962 530 2023 Deo
545 1963 653 2041 gratias
668 1964 794 2041 agimus,
808 1964 859 2042 qui
872 1965 937 2023 haec
952 1966 980 2022 in
992 1966 1077 2024 vobis
1092 1966 1210 2045 pietatis

254 2068 316 2107 suae
337 2050 416 2108 dona
433 2051 593 2116 concessit,
609 2069 660 2128 per
677 2069 744 2128 qnae
760 2049 833 2106 inter
851 2050 981 2109 homines
999 2051 1087 2110 valde
1105 2051 1208 2111 lauda-

253 2133 339 2204 biles,
354 2143 384 2194 et
399 2143 466 2194 ante
481 2145 673 2215 conspectum
688 2135 792 2214 ipsius,
809 2135 890 2213 quod
905 2143 952 2194 est
966 2137 1109 2195 veraciter
1128 2138 1208 2207 utile,

254 2219 374 2297 gloriosi
396 2221 516 2301 possitis
540 2221 692 2280 exsistere.
738 2220 866 2278 Oramus
889 2241 960 2299 ergo
981 2223 1208 2300 omnipotentem

256 2305 427 2376 Dominum,
446 2317 480 2365 ut
498 2308 562 2365 lraec
582 2307 609 2364 in
632 2306 727 2372 vobis,
748 2324 815 2384 quae
836 2307 995 2376 concessit,
1012 2306 1091 2366 dona
1112 2308 1208 2366 rnulti-

207 2409 241 2453 2⁰
254 2390 353 2470 plicet,
368 2403 398 2451 et
413 2413 468 2452 sua
486 2414 540 2452 vos
557 2412 623 2451 curn
641 2391 775 2451 omnibns
790 2391 895 2450 vestris
913 2392 1094 2470 protectione
1108 2403 1208 2452 custo-

254 2478 327 2546 diat,
343 2480 427 2538 etita
441 2479 587 2538 actionem
604 2477 703 2555 gloriae
718 2486 823 2535 vestrae
837 2477 865 2534 in
878 2477 933 2535 hoc
945 2478 1047 2536 seculo
1059 2477 1209 2557 disponat,

255 2571 288 2622 ut
307 2572 338 2623 et
355 2565 403 2624 hic
428 2565 512 2623 vobis
530 2574 560 2623 et
579 2565 606 2622 in
628 2562 736 2632 futura,
758 2563 838 2641 quod
860 2563 954 2639 magis
973 2562 1133 2642 optandum
1152 2573 1209 2635 est,

184 2660 196 2682 ·
254 2649 315 2707 vita
328 2647 472 2728 proficiat.
517 2647 687 2708 Salutantes
698 2649 797 2726 itaque
812 2648 932 2726 gloriam
946 2656 1073 2707 vestram
1087 2656 1211 2728 paterna

253 2733 409 2793 dulcedine
424 2734 561 2813 petimus,
576 2743 609 2793 ut
622 2734 698 2794 lator
715 2734 915 2813 praesentium,
930 2745 960 2793 et
978 2735 1055 2792 servi
1073 2732 1142 2802 Dei,
1159 2736 1209 2813 qui

207 2837 240 2881 25
253 2840 321 2878 cum
335 2840 371 2878 eo
386 2828 465 2889 sunt,
481 2830 589 2889 vestra,
604 2821 633 2877 iu
648 2820 754 2898 quibus
770 2839 893 2879 necesse
907 2818 1004 2887 fuerit,
1017 2818 1123 2878 solatia
1138 2838 1212 2878 con-·

254 2915 427 2985 sequentum
458 2913 603 2984 quatenus
629 2904 698 2964 dum
723 2913 852 2964 vestrum
881 2904 1011 2963 favorem
1036 2905 1209 2976 invenerint,

253 2993 383 3069 injuncta
407 2992 463 3050 sibi
489 2991 601 3065 melius,
631 2990 788 3070 adjuvante
816 2991 955 3064 Domino,
976 2990 1095 3049 valeant
1118 2989 1210 3049 adim-

252 3077 341 3156 plere.

294 3163 446 3222 Praeterea
462 3161 552 3220 filium
568 3169 698 3220 nostrum
711 3160 879 3220 Candidum
895 3161 1108 3240 presbyterum,
1120 3183 1209 3241 quem

209 3266 240 3308 au
252 3248 291 3307 ad
305 3250 543 3328 gubernationem
562 3247 726 3326 patrimonii
747 3247 885 3306 ecclesia
908 3254 1028 3316 nostrae,
1050 3246 1131 3326 quod
1147 3247 1208 3307 illic

252 3345 309 3404 est,
324 3335 549 3403 transmisimus,
563 3333 649 3393 vobis
667 3354 720 3412 per
738 3333 834 3391 omnia
853 3333 1112 3401 commendamus;
1137 3353 1209 3393 con-

252 3420 376 3481 fidentes
398 3441 417 3479 a
442 3419 510 3478 Deo
533 3428 632 3478 nostro
653 3439 707 3478 vos
729 3418 874 3477 mercedis
900 3418 995 3478 vicem
1018 3420 1161 3499 recipere,
1183 3421 1210 3478 si

250 3509 338 3565 rebus
361 3526 521 3586 pauperum
545 3505 652 3565 solatia
674 3524 728 3564 sua
748 3504 841 3581 gloria
862 3513 962 3564 vestra
981 3505 1091 3564 devota
1112 3515 1209 3564 mente

250 3593 426 3670 praestiterit.

295 3847 642 3939 ¹Greg.Epp.Lili.v1.ep.
655 3874 710 3923 lvii.
744 3876 951 3936 recommending
991 3874 1029 3922 St.
1062 3871 1207 3936 Angustiae

251 3954 339 4000 Letter
351 3949 414 3998 from
428 3948 544 4008 Gregory
559 3949 584 3994 to
593 3944 710 4007 Arigius,
744 3947 795 3996 and
809 3945 952 3996 Candidus.

1317 256 1324 291 l
