2850 4890
205 363 272 428 334
581 379 793 428 rrrnnnrx.

203 511 336 583 tempore
357 522 543 583 permanens,
564 500 683 562 tandem
704 509 786 562 tecta
802 498 938 560 ecclesiae
955 498 1091 579 petierit:
1114 499 1164 578 qni

205 589 347 649 citissime
373 590 484 666 egressi
508 596 538 648 et
562 595 750 669 aspectantes
772 584 898 647 viderint
919 584 1044 645 eandem
1069 585 1165 644 lucem

206 674 315 734 cursim
337 676 428 735 coelos
450 683 560 754 petere,
573 675 616 734 ita
634 683 667 733 ut
684 672 798 751 fulgore
815 673 908 752 ipsius
928 680 1037 730 cuncta
1058 672 1087 729 in
1110 670 1164 730 cir-

205 760 287 818 cuitu
308 759 386 829 loca,
401 760 484 820 velut
497 758 634 830 interdiu,
656 757 825 819 viderentur
842 759 999 826 illustrata,
1017 765 1050 816 ut
1065 756 1164 834 palem

204 842 323 904 daretur
344 846 468 924 intelligi
488 846 635 905 ministros
653 854 771 904 aetemae
787 845 863 904 lucis
881 852 912 902 et
929 852 1080 924 perpetuos
1098 861 1164 901 sna·
1189 855 1202 896 5

203 931 303 989 vitatis
323 929 456 1001 affuisse,
470 932 522 1011 qui
544 929 646 990 sedem
667 931 762 990 sancti
779 931 908 1008 corporis
926 948 983 987 sua
996 928 1164 988 visitatione

204 1018 451 1076 consecraverint.
489 1015 578 1075 Unde
589 1037 655 1076 mos
665 1016 823 1076 increbruit
834 1014 968 1094 ejusdem
979 1013 1040 1073 loci
1048 1013 1163 1082 incolis,

203 1109 237 1159 nt
260 1122 312 1180 per
337 1102 455 1181 singula
476 1102 589 1161 diurnae
611 1102 660 1163 vel
682 1109 830 1161 nocturnae
855 1100 995 1159 orationis
1021 1107 1164 1178 tempora,

204 1187 324 1266 expleto
342 1188 514 1266 psalmodiae
532 1189 588 1247 ritu
607 1188 763 1257 canonico,
778 1206 881 1246 omnes
902 1185 956 1244 viri
973 1182 1013 1244 ad
1035 1185 1166 1243 tumbam

203 1272 282 1332 illius
304 1274 498 1355 supplicaturi
521 1293 618 1351 genua
638 1280 771 1333 curvent.
818 1271 930 1331 Sedet
952 1270 1011 1328 alia
1030 1271 1117 1346 signa
1137 1277 1166 1327 et
1176 1281 1203 1327 1⁰

204 1358 347 1418 sanitates
366 1359 474 1418 ibidem
499 1358 595 1418 iactas
617 1359 697 1420 fama
716 1358 861 1436 vulgavit,
881 1356 1010 1415 donante
1034 1354 1095 1414 Illo
1116 1353 1165 1432 qui

204 1453 324 1502 sanctos
343 1465 414 1504 suos
436 1454 467 1504 et
484 1445 512 1502 in
530 1445 670 1525 praescnti
685 1452 832 1503 certantes
848 1444 955 1522 juvare
971 1449 1001 1500 et
1018 1439 1048 1500 in
1068 1440 1165 1500 futuro

204 1531 360 1588 consuevit
374 1531 503 1590 victores
518 1550 670 1590 coronare.
711 1529 836 1589 ΑΜΕΝ.

328 1812 499 1874 Exrnrcrr
513 1813 609 1874 Vrsa
626 1814 852 1874 Srucronnsr
869 1826 1043 1870 senarum

233 1963 447 2034 Bnunnrcw,
462 1963 672 2034 (lactantur,
689 1949 943 2032 damnamur,
959 1961 1140 2030 Srnmrm,

484 2130 602 2186 arona
617 2115 887 2175 Hwnrnsnnnr.

538 2512 550 2544 ⁹
567 2512 652 2585 Ritu]
679 2517 749 2580 Rite,
762 2518 822 2568 Mn.
