2850 4890
566 914 715 961 INCIPIT
733 915 849 962 LIBER
869 917 918 962 DE

444 1127 579 1193 VITA
615 1129 681 1194 ΕΤ
718 1130 1029 1198 MIRAGULIS

288 1356 604 1444 SANCTI
664 1363 1180 1449 OUDBERCTI

369 1593 822 1657 LINDISFARNENSIS
858 1597 1097 1656 EPISCOPI.

227 1875 243 1918 5
631 1857 792 1925 CAPUT
815 1861 843 1926 I.

257 2021 416 2092 Quomodo
429 2051 512 2114 poor
526 2029 596 2092 Dei
615 2028 807 2094 Codborctos
823 2054 884 2116 per
905 2032 1061 2116 infantem
1077 2036 1121 2098 sit
1130 2057 1219 2120 prce-

485 2131 571 2194 do'cto
585 2133 779 2217 episcopatui
794 2133 982 2198 admonitos.

256 2329 274 2412 ᾖ
287 2331 320 2394 3.
336 2330 578 2396 Pnrncrnluu
591 2335 690 2398 nobis
702 2336 871 2399 scribendi
883 2337 925 2400 de
936 2337 1008 2401 vita
1018 2337 1112 2401 beati
1125 2334 1217 2400 Gud-
1234 2352 1390 2413 ¹secanam

255 2433 364 2496 bereti
386 2433 578 2499 Hieremias
595 2437 763 2518 propheta
782 2445 971 2514 consecrat,
991 2439 1050 2520 qni
1066 2437 1216 2501 anacho-
1232 2408 1325 2456 mmm*

211 2533 370 2599 roreticae
390 2536 608 2618 perfectionis
630 2545 759 2601 statum
780 2539 973 2619 glorificans
999 2540 1059 2615 ait,
1080 2539 1215 2601 Bonum

255 2641 309 2698 est
337 2636 411 2699 viro
441 2657 518 2700 cum
545 2640 733 2719 portaverit
757 2640 878 2723 jugum
907 2640 951 2703 ab
983 2639 1216 2702 adolescentia

255 2754 338 2814 sna3
361 2737 495 2801 sedebit
515 2739 689 2803 solitarius
708 2747 743 2803 et
766 2741 904 2816 tacebit,
927 2741 1008 2821 quia
1028 2739 1157 2803 levabit
1177 2757 1214 2802 se

255 2856 417 2918 superse.
464 2839 580 2920 Hujus
592 2859 740 2922 namque
755 2842 836 2904 boni
848 2839 1026 2903 dulcedine
1038 2857 1215 2915 aecensus

254 2939 307 3002 vir
331 2937 472 3002 Domini
502 2940 715 3003 Cudberctus
744 2942 788 3004 ab
813 2941 952 3003 ineunte
980 2939 1214 3002 adolescentia

212 3056 242 3100 1⁵
250 3038 334 3121 jugo
353 3040 564 3104 monachicae
583 3041 811 3103 institutionis
836 3041 961 3103 collum
984 3037 1155 3119 subdidit3
1179 3046 1214 3101 et

253 3141 313 3203 ubi
324 3142 564 3223 opportunitas
571 3142 675 3225 juvit,
687 3149 823 3223 arrepta
835 3143 939 3205 etiam
952 3141 1212 3205 conversatione

254 3243 506 3320 anachoretica,
522 3263 591 3306 non
604 3262 717 3325 pauco
734 3250 885 3324 tempore
903 3243 1077 3306 solitarius
1093 3242 1211 3304 sedere

254 3349 357 3424 atque
380 3345 424 3407 ob
455 3344 662 3408 suavitatem
691 3343 817 3407 divinae
847 3342 1146 3424 contemplationis
1167 3342 1211 3404 ab

230 3471 232 3475 ·
252 3442 410 3508 humanis
423 3454 536 3508 tacere
550 3445 786 3509 delectabatur
797 3445 969 3527 alloquiis.
1002 3444 1070 3507 Sed
1083 3451 1121 3507 ut
1135 3442 1210 3504 haec

208 3563 240 3607 oo
252 3546 288 3607 in
312 3548 440 3629 maj0re
467 3554 570 3610 aetate
596 3556 725 3627 posset,
751 3566 900 3627 superna
916 3546 1012 3608 illum
1032 3545 1142 3627 gratia
1166 3543 1209 3606 ad

251 3647 343 3711 viam
359 3649 514 3712 veritatis
529 3649 698 3731 paulatim
719 3668 740 3711 a
760 3648 877 3730 primis
891 3647 967 3729 jam
985 3646 1142 3729 pueritiae
1157 3647 1209 3707 in-

252 3749 418 3816 citaverat
429 3751 544 3830 annis3
567 3752 735 3834 siquidem
744 3769 853 3832 usque
866 3749 908 3812 ad
921 3757 1082 3811 octavum
1094 3747 1208 3810 aetatis

284 3987 294 4016 ⁶
312 3983 449 4055 CnoorL]
468 3989 523 4039 vit.
532 3989 597 4037 Met.
607 3989 671 4050 Cap.
683 4002 708 4049 ις
784 3984 795 4015 ⁹
811 3980 967 4054 Hieremiae]
992 3985 1085 4033 Thren.
1099 3985 1135 4032 iii.
1149 3988 1189 4034 27.

250 4060 306 4109 vit.
318 4059 403 4107 Anon.
415 4057 429 4124 ξ
440 4062 465 4107 4.

295 4161 384 4208 ΤΟΜ.
403 4162 445 4208 11.›
926 4157 945 4205 E
