2850 4890
437 379 618 428 nuoroan
636 378 724 426 vnn.
742 376 854 425 nunu.
916 366 918 371 ⁴
1059 358 1124 422 113

164 536 266 600 bonae
281 535 427 601 actionis
441 537 506 616 vir,
519 537 692 603 incautius
706 537 742 601 in
757 538 911 601 arborem
931 535 1121 600 ascendens
1136 540 1169 592 Α.
1180 541 1213 592 D.
1223 544 1281 592 oso.

167 637 340 701 deciderat
360 637 529 716 deorsum,
544 649 589 716 et,
604 638 752 703 contrito
771 657 923 720 corpore,
941 635 1021 719 ipsa
1039 636 1124 699 hora

166 739 325 821 spiritum
344 738 533 818 exbaiavit,
553 759 623 822 qua
641 739 731 803 hunc
751 739 805 803 vir
824 737 965 802 Domini
986 738 1031 802 ad
1052 757 1123 802 coe-

165 840 269 905 lestia
289 840 428 904 ductum
447 840 596 904 videbat.
642 838 745 919 Quod
764 840 845 902 dum
863 840 998 904 rediens
1017 840 1123 903 abba-

113 931 115 934 ⁴
135 961 152 1004 a
169 941 264 1006 tissae
289 939 441 1018 referret,
460 941 577 1006 statim
600 940 661 1004 illa
679 941 835 1022 ingressa
855 940 900 1003 ad
923 940 1122 1022 episcopum

160 1042 235 1127 jam
251 1049 333 1107 tunc
351 1041 567 1106 dedicantem
590 1042 786 1118 ecclesiam,
802 1048 941 1122 stupore
963 1039 1122 1119 femineo,

167 1142 269 1226 quasi
306 1162 432 1209 novum
466 1140 597 1224 aliquid
632 1143 866 1224 incertumque
905 1141 1120 1217 nunciatura,

164 1250 177 1283 ¹
192 1243 337 1321 Precor‚'
351 1245 474 1327 inquit,
492 1242 653 1306 ‘domine
673 1243 720 1306 mi
737 1243 909 1325 episcope,
928 1241 1120 1327 memineris

166 1346 211 1410 ad
239 1344 371 1410 Missas
400 1344 604 1410 Haduualdi
630 1344 697 1407 mei
725 1342 807 1429 (hoo
832 1344 921 1407 enim
947 1344 1021 1408 viro
1048 1350 1122 1407 erat

120 1465 154 1511 ro
165 1444 315 1531 nomen),
331 1447 390 1528 qui
405 1446 478 1510 heri
493 1445 647 1509 cadendo
662 1446 704 1509 de
720 1446 838 1509 arbore
853 1443 1033 1508 defunctus
1049 1445 1123 1509 cst?

166 1548 265 1614 Tunc
292 1547 426 1629 liquido
456 1548 614 1610 omnibus
641 1545 766 1628 patuit,
796 1545 879 1626 quia
908 1544 1123 1610 multiformis

165 1648 356 1732 prophetiae
381 1648 523 1731 spiritus
549 1647 613 1711 viri
633 1646 745 1710 sancti
770 1645 969 1728 praecordiis
992 1647 1122 1727 incrat3

167 1749 229 1833 qui
244 1758 280 1813 et
292 1749 330 1816 in
342 1748 504 1832 praesenti
518 1748 690 1811 occultum
705 1747 829 1811 animae
847 1754 983 1829 raptum
997 1746 1123 1825 videre,

167 1864 203 1914 et
227 1851 310 1934 quid
334 1850 401 1914 sibi
421 1850 458 1914 in
481 1848 597 1913 futuro
620 1850 663 1913 ab
687 1849 765 1913 aliis
788 1848 1009 1914 indicandum
1032 1858 1125 1914 esset

125 1972 156 2016 ra
168 1953 283 2035 potuit
296 1951 493 2034 praevidere.

469 2289 630 2356 CAPUT
654 2288 824 2355 XXXV.

172 2461 334 2558 Quomodo
348 2483 461 2547 aquom
472 2461 630 2546 perstando
644 2462 679 2524 in
692 2461 760 2524 ciui
772 2482 913 2546 soporem
927 2461 1124 2525 couverterit.

170 2666 257 2750 §bd
281 2665 381 2729 Iunc
393 2663 582 2748 peragratis
596 2685 642 2728 ex
657 2664 774 2729 ordine
784 2664 1016 2746 superioribus
1027 2661 1125 2740 locis,
1142 2682 1236 2733 onage.

168 2769 265 2834 venit
285 2768 328 2832 ad
347 2767 592 2832 monasterium
609 2766 801 2848 Virginum,
825 2764 917 2849 quod
936 2784 1006 2828 non
1025 2765 1124 2846 longe
1140 2734 1259 2823 mua

125 2888 158 2934 ao
169 2871 214 2935 ab
230 2871 320 2934 ostio
334 2868 414 2932 Tini
429 2869 579 2932 fluminis
597 2869 701 2933 situm
719 2887 827 2950 supra
846 2864 1044 2945 docuimus;
1067 2866 1126 2928 ubi

170 2990 193 3035 a
221 2969 393 3053 religiosa,
420 2975 456 3034 et
484 2969 529 3032 ad
558 2970 711 3033 seculum
745 2986 882 3051 quoque
909 2965 1126 3031 nobilissima

168 3072 301 3137 famula
319 3070 446 3135 Christi
459 3069 574 3136 Verca
589 3070 769 3135 abbatissa
787 3070 966 3152 magnifice
986 3088 1127 3151 suscep·

169 3182 238 3253 tus,
262 3180 446 3256 postquam
470 3173 513 3237 de
538 3172 729 3237 meridiana
757 3173 872 3254 quiete
896 3178 1126 3248 surrexerunt,

170 3275 265 3341 sitire
291 3294 329 3339 se
349 3273 477 3352 dicens,
502 3281 542 3338 ut
562 3275 694 3339 biberet
717 3275 861 3357 rogavit.
917 3273 1128 3353 Quaerebant

126 3397 157 3442 ac
170 3375 253 3460 quid
276 3376 393 3440 bibere
412 3376 526 3453 vellet,
543 3382 703 3458 rogantes
722 3381 762 3438 ut
780 3376 908 3453 vinum,
927 3375 1000 3440 sive
1021 3375 1127 3440 cervi-

169 3478 269 3554 siam,
281 3475 390 3541 afferri
402 3476 531 3541 liceret.
575 3474 754 3559 ‘Aquam'
766 3476 889 3560 inquit,
903 3475 1003 3541 ‘date
1015 3477 1097 3540 mihi
1107 3476 1127 3558 ;'

170 3578 231 3661 qui
253 3576 414 3652 haustam
438 3577 480 3640 de
505 3575 600 3641 fonte
625 3596 752 3659 aquam
773 3579 967 3642 obtulerunt
992 3579 1034 3643 ei.
1079 3576 1129 3642 At

170 3679 240 3756 ille,
269 3676 354 3741 data
385 3677 632 3754 benedictione,
662 3680 720 3742 ubi
754 3679 933 3762 paululum
965 3680 1128 3762 gustavit,

206 3953 227 3984 ²⁰
244 3950 346 4022 Supra]
376 3955 441 4016 Cap.
452 3969 493 4005 111.
625 3964 627 3968 ⁴
668 3956 783 4006 fromtbe
792 3957 946 4008 monachiam
954 3957 1030 4006 oftbe
1038 3959 1130 4021 south,

206 4022 227 4054 ²³
242 4025 282 4074 De
292 4024 423 4074 meridiano
433 4025 530 4088 quieta]
564 4027 633 4076 Con·
669 4042 713 4076 sce
726 4027 992 4089 MarteneDeAutiq.
1005 4027 1129 4077 Ecclesiae

172 4096 277 4158 coming
293 4096 346 4144 thia
363 4100 470 4162 custom,
483 4098 633 4147 introduced
670 4099 723 4146 Rit.
735 4098 774 4148 iii.
786 4102 846 4160 299,
857 4101 914 4146 312.

217 4195 308 4242 ΤΟΜ.
328 4195 368 4242 11.
851 4197 861 4242 Ι
