2850 4890
202 344 268 409 264
574 358 787 406 irruunrx.

206 519 238 569 et
251 507 456 576 manducavit;
473 508 597 586 jamque
619 506 719 567 divino
740 508 808 567 cibo
825 500 950 567 satiatus
971 515 1002 566 et
1018 506 1169 576 suffultus,

207 593 427 653 infortitudine
449 595 514 673 ejus
537 591 705 672 glorificans
727 591 898 669 Dominum,
917 613 1060 675 prospere
1080 591 1169 675 profi·

207 681 383 740 ciscebatur.

251 771 328 840 tlt).
349 765 458 824 Cetera
478 784 548 823 vero
570 785 662 844 opera
676 765 840 844 juventutis
858 763 971 824 floridas
993 763 1169 843 pullulantia

150 850 325 914 ‚silentio
338 858 491 930 praetereo,
506 870 543 908 ue
552 849 707 911 fastidium
721 850 842 910 lecton
833 868 1013 928 ingenerem
1026 848 1169 927 anhelans
1194 866 1208 908 5

126 887 347 1018 erperlectae
358 936 454 996 aetatis
465 934 593 995 fructum
606 937 834 1035 paratissimum,
848 936 1046 995 invirtutibus
1062 934 1171 994 Christi

210 1024 266 1084 sub
288 1022 407 1082 servitio
430 1019 487 1080 Dei
505 1021 689 1099 singulariter
710 1023 852 1081 iutimare.
897 1022 1014 1081 Omitto
1032 1039 1170 1099 namque,

211 1108 384 1189 quomodo
377 1127 405 1165 m
428 1107 534 1166 castris
552 1117 656 1166 contra
674 1108 791 1167 hostem
809 1127 877 1167 cnm
897 1107 1031 1167 exercitu
1052 1106 1171 1175 sedens,

210 1195 310 1273 ibique
324 1195 436 1253 habens
450 1192 597 1272 stipendia
610 1213 713 1273 parva,
723 1200 820 1252 tamen
835 1211 920 1252 omne
935 1192 1066 1272 spatium
1080 1192 1171 1250 abun-

211 1280 315 1340 danter
338 1282 453 1348 vivens,
471 1278 569 1337 divine
589 1288 695 1338 auctus
720 1287 777 1349 est,
806 1279 883 1337 sicut
911 1277 1021 1337 Daniel
1043 1285 1076 1337 et
1097 1277 1171 1336 Tres
1181 1292 1210 1338 tt

213 1366 317 1435 Pueri,
334 1365 401 1425 cibo
421 1363 511 1442 regali
529 1384 586 1423 non
608 1365 749 1436 contenti,
769 1364 868 1423 servili
887 1371 986 1423 tamen
1004 1373 1037 1423 et
1052 1384 1090 1423 eo
1107 1382 1172 1443 par·

213 1451 345 1521 vissimo,
373 1451 443 1508 mire
468 1449 593 1527 saginati
617 1459 696 1509 sunt.
737 1449 888 1509 Necnon
917 1458 1075 1529 praetereo,
1100 1469 1172 1527 quo-

213 1536 303 1595 modo
332 1536 458 1596 animam
479 1534 622 1595 Praefecti
644 1536 673 1594 in
695 1535 777 1596 obitu
804 1555 859 1595 suo
878 1535 917 1594 ad
938 1532 1047 1594 coelum
1067 1534 1174 1594 elevari

213 1622 297 1681 vidit.
337 1621 439 1681 Taceo
455 1641 585 1700 quoque,
603 1641 691 1701 quarn
713 1622 784 1681 mire
801 1621 950 1682 doemoues
971 1620 1127 1700 effugavit,
1144 1627 1174 1679 et

212 1708 390 1768 insanientes
405 1707 494 1767 verbo
509 1708 649 1767 orationis
663 1728 724 1768 suae
739 1708 865 1768 sanarit.
1185 1720 1212 1764 1⁵

487 2047 625 2113 LIBER
646 2048 897 2113 SECUNDUS.

341 2222 414 2283 Vtra
430 2228 608 2292 monastica:
629 2235 711 2285 vasto
721 2225 887 2304 praedict&
908 2222 1064 2282 miraculo.

107 2417 116 2444 s
149 2417 160 2444 e
183 2456 192 2494 f
215 2399 293 2468 511.
317 2394 417 2454 BENE
439 2416 510 2474 ergo
533 2395 692 2476 disponens
714 2393 822 2453 duriori
842 2413 875 2452 se
893 2393 961 2451 vitae
981 2392 1075 2471 lege
1066 2411 1096 2450 ιιι
1115 2411 1176 2451 mo·

218 2481 346 2539 nasterio
368 2481 563 2559 confringere,
581 2501 600 2539 a
620 2480 754 2560 populari
777 2480 839 2538 vita
860 2485 1021 2548 revertens,
1040 2477 1178 2555 religiosa

218 2573 316 2624 tamen
328 2575 418 2646 atque
429 2567 629 2637 immaculata,
641 2574 671 2626 et
682 2566 719 2626 ad
731 2565 852 2624 meliora
861 2562 1031 2643 proficiens,
1045 2571 1179 2622 sanctum
1188 2576 1216 2622 2⁰

218 2650 350 2710 laborem
379 2653 537 2712 toleranter
562 2651 686 2722 ferebat,
714 2671 802 2732 quem
830 2649 1001 2709 voluntariae
1030 2649 1178 2708 servitutis

219 2736 338 2814 longum
355 2739 385 2797 in
408 2738 467 2796 Dei
485 2757 574 2816 opere
591 2737 720 2797 studium
739 2734 982 2814 consuetudoque
999 2734 1029 2791 in
1044 2741 1178 2792 naturam

219 2829 357 2882 verterat.
399 2823 514 2883 Inediae
533 2831 631 2882 autem
653 2833 683 2882 et
705 2822 869 2898 vigiliarum
883 2822 912 2879 in
930 2829 1043 2879 tanturn
1063 2819 1178 2898 patiens

221 2915 294 2978 erat,
317 2915 349 2966 ut
365 2908 598 2967 incredulitatem
616 2909 726 2969 viribus
743 2908 881 2967 vinceret.
924 2905 1132 2964 Pernoctabat
1150 2905 1178 2962 in

221 2994 352 3052 oratione
375 2993 778 3074 saepissime‚'uonnnnquam
793 2994 889 3070 etiam
910 2991 1002 3050 biduo
1024 2989 1217 3069 triduoquett

221 3080 265 3138 sic
280 3099 455 3157 permanens
473 3089 579 3158 quarta
594 3079 711 3139 demum
730 3079 778 3137 die
795 3077 991 3145 reficiebatur,
1004 3075 1179 3135 recordatus

220 3163 314 3223 Pauli
342 3164 486 3244 Apostoli
512 3165 636 3236 dictum,
670 3165 776 3224 Omnis
808 3164 928 3243 quidem
957 3161 1117 3241 disciplina
1151 3162 1179 3219 in

222 3251 360 3329 praesenti
382 3249 501 3328 quidem
522 3251 639 3310 videtur
660 3271 718 3308 uon
740 3269 808 3308 esse
829 3248 940 3328 gaudii,
956 3245 1010 3306 sed
1030 3247 1179 3315 moeroris;

222 3342 328 3413 postea
347 3342 445 3393 antem
467 3335 594 3394 fructum
616 3336 837 3415 pacatissimum
859 3333 1035 3397 exercitatis,
1048 3353 1102 3413 per
1117 3352 1181 3393 eam

216 3419 342 3498 justitiae
363 3418 469 3478 reddit.
513 3419 540 3479 Ο
570 3420 700 3490 Fratres,
725 3420 948 3480 conversatione
971 3421 1036 3498 ejus
1061 3417 1221 3497 dignumst

223 3522 270 3564 me
290 3524 356 3563 esse
380 3524 438 3563 non
462 3524 583 3585 usurpo,
603 3507 732 3585 quinimo
754 3505 861 3565 nullius
886 3524 1018 3565 sermone
1040 3503 1184 3582 explicari

224 3597 331 3671 potest.
374 3589 449 3649 Erat
472 3591 548 3649 enim
572 3602 693 3670 aspectu
716 3591 878 3669 angelicuS,
904 3610 1035 3649 sermone
1060 3589 1181 3658 nitidus,

224 3696 312 3756 opere
329 3684 461 3746 sanctus,
477 3696 600 3756 corpore
619 3679 742 3755 integer,
765 3678 881 3754 ingenio
897 3676 1036 3755 optimus,
1058 3676 1183 3734 consilio

223 3782 359 3838 magnus,
376 3761 434 3820 tide
455 3763 633 3832 catholicus,
651 3784 703 3842 spe
722 3763 963 3842 patientissimus,
983 3760 1106 3820 caritate
1127 3760 1182 3821 dif-

223 3848 324 3916 fusus;
348 3846 402 3907 sed
417 3849 554 3908 virtutum
569 3849 713 3909 tramitem
726 3847 873 3907 enodabo.
1193 3862 1222 3906 35

517 4111 536 4141 ²⁷
555 4110 660 4181 Omnis]
694 4114 773 4163 Hebr.
787 4114 832 4163 xii.
846 4119 886 4162 ll.
