2850 4890
315 361 380 426 100
602 376 692 426 vrrs
710 374 739 424 s.
756 375 989 437 ouonancrr,

144 546 179 596 n.
189 548 287 597 noae
317 535 532 600 benedictam
542 533 595 598 vir
610 533 687 612 Dei,
702 533 845 612 ‘Vade'
859 532 984 616 inquit,
999 538 1056 597 ‘et
1069 529 1277 615 gustandam

318 638 432 721 praebe
443 637 654 725 languenti}
683 635 753 715 Qui
764 636 864 700 dictis
876 655 1000 717 parens
1012 633 1137 697 adtulit
1148 652 1277 715 aquam

319 740 517 820 aegrotanti3
541 758 643 820 quam
667 738 748 802 dum
775 737 875 801 tertio
899 736 948 800 ori
973 735 1047 818 ejus
1070 732 1276 810 infunderet,

319 839 482 904 continuo
496 845 615 904 contra
635 858 762 902 morem
783 857 820 902 se
841 838 994 920 quietum
1015 835 1144 900 dimisit
1163 836 1201 899 in
1221 853 1278 898 so-

317 960 454 1024 porem;
477 947 552 1004 erat
562 941 651 1003 enim
657 939 730 1024 jam
742 938 938 1020 vespertina
948 938 1042 1001 hora.
1088 935 1158 1015 Qui
1169 936 1276 1000 etiam
1302 955 1317 998 a

319 1040 457 1105 silentio
480 1041 649 1122 transegit
674 1048 820 1118 noctem,
844 1045 879 1102 et
902 1038 1058 1103 visitanti
1078 1057 1116 1102 se
1136 1037 1275 1101 domino

320 1161 383 1207 suo
398 1142 516 1209 salvus
529 1161 629 1205 mane
645 1139 816 1223 apparuit.

627 1475 789 1543 CAPUT
812 1475 960 1543 XXVI.

531 1646 677 1716 Qualiter
691 1649 725 1711 in
740 1650 920 1736 qriscopatu
933 1648 1061 1712 viavit.

157 1851 408 1957 .1.³ii'00„.§44’
444 1851 679 1916 Susounrum
715 1860 829 1916 autem
863 1852 1085 1936 episcopatus
1120 1850 1270 1915 ordinem
1283 1867 1313 1913 ro

174 1981 184 2006 c
315 1952 522 2018 venerabilis
537 1952 589 2017 vir
603 1952 742 2016 Domini
754 1953 966 2018 cudberctus
977 1953 1081 2036 juxta
1096 1958 1272 2036 praecepta

317 2062 353 2119 et
367 2054 526 2136 exempla
541 2054 734 2136 apostolica
751 2056 914 2120 virtutum
935 2055 1080 2119 ornabat
1099 2053 1270 2137 operibus

317 2155 544 2221 Commissam
572 2175 719 2238 namque
748 2156 814 2220 sibi
842 2156 976 2238 plebem
1000 2164 1035 2219 et
1060 2155 1271 2219 orationibus

316 2258 517 2340 protegebat
528 2257 688 2335 assiduis,
698 2264 733 2321 et
742 2256 1031 2321 admonitionibus
1041 2255 1271 2321 saluberrimis

318 2357 361 2422 ad
387 2357 545 2422 coelestia
568 2359 727 2436 vocabat,
752 2365 798 2435 et,
822 2358 914 2440 quod
939 2359 1088 2421 maxime
1114 2357 1271 2420 doctores
1283 2372 1311 2417 15

311 2458 424 2542 juvat,
444 2478 497 2535 ea,
518 2479 595 2541 quae
618 2459 750 2540 agenda
766 2459 923 2537 docebat,
938 2460 1011 2540 ipse
1029 2459 1123 2542 prius
1138 2456 1271 2540 agendo

314 2561 610 2643 praemonstrabat.
655 2559 831 2641 Eripiebat
853 2560 989 2643 inopem
1014 2560 1056 2623 de
1078 2579 1180 2623 manu
1203 2558 1271 2622 for-

314 2661 410 2726 tioris
440 2661 526 2745 ejuS,
556 2681 699 2743 egenum
729 2667 765 2726 et
794 2681 977 2744 pauperem
1007 2681 1028 2725 a
1056 2660 1269 2744 rapientibus

314 2782 401 2826 eum.
459 2762 592 2834 Tristes
627 2783 668 2826 ac
698 2763 937 2844 pusillanimes
972 2763 1154 2840 consolari,
1181 2763 1271 2826 male

315 2870 429 2927 autem
462 2865 650 2946 gaudentes
680 2864 724 2929 ad
753 2865 939 2942 tristitiam,
969 2885 1047 2947 quae
1082 2863 1311 2928 secundumao

316 2964 429 3028 Deum
449 2972 513 3042 est,
531 2984 691 3030 revocare
711 2966 865 3030 curabat.
911 2965 1056 3030 Solitam
1076 2966 1142 3030 sibi
1160 2967 1272 3049 parsi-

314 3066 466 3128 moniam
494 3066 635 3129 sedulus
665 3085 834 3144 exercere,
862 3074 898 3130 et
926 3068 1014 3130 inter
1042 3065 1269 3150 frequentiam

315 3167 490 3230 turbarum
515 3167 726 3230 monachicae
750 3168 831 3230 vitae
852 3168 995 3249 rigorem
1017 3169 1185 3233 sollicitus
1209 3171 1270 3233 ob-

315 3285 452 3330 servare
482 3266 664 3348 gaudebat.
707 3267 945 3334 Esurientibus
967 3271 1141 3348 alimenta,
1168 3270 1269 3336 indu·

313 3374 430 3431 menta
447 3368 624 3449 praebebat
645 3368 850 3450 algentibus
870 3373 1060 3455 ceterisque
1080 3372 1163 3438 vitae
1184 3393 1309 3456 pon-as

313 3467 452 3532 titicalis
461 3467 652 3550 insignibus
663 3470 728 3534 rite
740 3470 920 3535 decoratus
932 3473 1122 3538 incedebat.
1160 3474 1268 3558 Cujus

313 3571 468 3646 interme,
502 3571 538 3634 id
572 3579 638 3649 est,
667 3572 790 3636 animae
820 3574 1015 3653 virtutibus„
1046 3595 1089 3639 ea
1118 3596 1266 3659 quoque,

315 3671 441 3754 quibus
461 3671 553 3735 foras
573 3672 766 3755 effulgebat,
788 3676 1027 3739 miraculorum
1051 3677 1150 3758 signa
1169 3680 1267 3742 testi-

314 3772 466 3834 monium
487 3773 626 3838 dabant.
671 3774 726 3838 Ex
747 3776 871 3857 quibus
890 3777 1007 3859 aliqua
1029 3778 1176 3842 breviter
1196 3800 1267 3844 me-

314 3872 431 3936 moriae
445 3874 682 3939 commendare
698 3876 904 3940 curavimus,
1279 3900 1310 3944 ao

356 4083 366 4114 ⁸
383 4087 477 4139 Canus
488 4081 605 4154 xxvij
624 4088 678 4138 vit.
691 4089 757 4138 Met.
771 4089 836 4151 Cap.
849 4103 925 4153 xx113
943 4091 998 4142 Vit.
1010 4094 1095 4142 Aaou.
1107 4093 1120 4160 ς
1133 4097 1174 4157 30,
1187 4099 1229 4145 el.
