2850 4890
409 285 430 322 0

626 356 836 404 nrrnuurx.
1142 341 1208 405 245

251 501 359 560 nostris
382 509 413 560 et
435 523 454 561 a
479 503 598 583 reliquis
626 505 725 563 multis
753 505 865 565 sanctis
889 504 1037 585 episcopis
1063 513 1205 563 statutum

250 584 315 643 fore
329 588 533 664 cognovimus,
548 598 579 647 ut
596 609 669 648 oves
687 599 822 668 pastores
842 611 912 649 snos
927 610 984 648 non
1001 589 1089 649 facile
1109 609 1205 668 repre-

251 669 392 743 hendant,
406 692 460 732 nec
474 694 526 733 eos
541 675 686 733 criminari
699 675 748 734 vel
762 695 905 733 accusare
919 684 1113 753 praesumant3
1136 676 1206 754 quia

250 773 318 814 num
332 757 362 814 iu
376 759 549 837 praepositos
560 757 768 838 delinquimus,
782 763 847 838 ejus
861 759 1045 830 ordinationi,
1057 761 1107 839 qui
1118 760 1203 818 nobis

210 854 224 896 o
250 858 304 898 eos
325 844 460 920 praebuit,
481 844 644 903 obviamus.
688 843 779 902 Unde
803 845 940 923 Moyses,
963 844 1033 903 dum
1055 853 1156 903 contra
1171 864 1204 903 se

249 933 280 981 et
295 923 399 985 Aaron
414 930 554 1007 conqueri
569 929 711 1008 populum
732 932 933 1006 cognovisset,
952 930 1002 999 ait,
1018 937 1026 961 ‘
1044 928 1113 988 Nos
1127 929 1204 988 enim

250 1008 323 1085 quid
340 1013 464 1070 snmnsl
504 1013 539 1072 N
541 1033 575 1072 ec
596 1023 699 1073 contra
720 1034 774 1072 nos
792 1025 838 1072 est
851 1034 980 1072 murmur
992 1021 1133 1084 vestrum,
1151 1012 1205 1072 sed

251 1102 355 1153 contra
370 1096 488 1156 Deum?
531 1099 723 1178 Quapropter
737 1098 913 1158 admonendi
928 1108 997 1157 sunt
1010 1097 1119 1157 subditi
1134 1099 1204 1157 utri-

251 1198 346 1257 usque
361 1181 470 1241 ordinis
484 1183 549 1252 viri,
564 1193 596 1242 ut
609 1203 677 1243 cunr
691 1185 895 1261 magistrorum
909 1183 990 1242 facta
1008 1183 1207 1262 conspiciunt,

210 1278 240 1322 lu
254 1261 294 1320 ad
318 1285 404 1324 suum
425 1287 477 1326 eor
497 1268 629 1339 redeant,
649 1279 680 1328 et
702 1267 740 1326 de
759 1289 858 1327 eorum
877 1269 1126 1347 increpationibus
1147 1288 1204 1327 uon

251 1362 448 1426 praesnmant;
474 1354 544 1432 quia
566 1361 648 1412 ‘non
668 1363 716 1412 est
732 1352 896 1433 discipulus
916 1373 1004 1432 snper
1021 1352 1204 1431 magistrum,

251 1453 307 1492 nec
321 1455 423 1495 servus
439 1458 528 1516 super
542 1439 702 1498 Dominum
717 1439 824 1498 suum?

296 1519 345 1578 De
365 1520 584 1581 dedicationum
602 1544 672 1583 vero
690 1524 883 1583 ecclesiarum
904 1523 1099 1592 dubitatione,
1118 1542 1206 1601 super

252 1623 312 1683 qua
338 1605 412 1664 inter
439 1615 538 1666 cetera
563 1629 618 1668 uos
647 1610 801 1668 consulere
824 1609 971 1679 voluistis,
995 1610 1053 1667 hoo
1074 1628 1129 1666 vos
1153 1608 1207 1666 rite

210 1703 240 1747 15
252 1697 352 1748 tenere
376 1690 490 1752 debetis
513 1693 594 1772 quod
618 1695 656 1753 ab
677 1695 913 1754 antecessoribus
938 1694 1044 1752 nostris
1067 1691 1205 1752 traditum

251 1776 438 1855 accepimus3
460 1778 491 1836 id
502 1788 558 1848 est,
571 1787 603 1838 ut
616 1780 732 1859 quoties
747 1789 806 1838 tam
821 1779 860 1837 de
870 1780 1019 1859 baptismo
1030 1777 1205 1856 aliquorum,

251 1860 299 1918 vel
326 1861 558 1934 confirmatione,
585 1885 674 1944 quam
700 1863 737 1923 de
766 1865 958 1923 ecclesiarum
986 1864 1206 1923 consecratione

253 1945 399 2006 dubitatio
413 1949 547 2019 babetur,
561 1958 592 2008 et
606 1970 660 2008 neo
676 1951 791 2029 scriptis
810 1969 865 2008 nec
885 1950 1009 2008 testibus
1029 1949 1104 2007 ratio
1125 1955 1207 2006 certa

252 2030 387 2102 habetur,
396 2042 491 2092 utrum
504 2035 657 2113 baptizati,
668 2034 716 2093 vel
728 2034 902 2103 confirmati,
914 2036 976 2093 sive
991 2033 1127 2092 ecclesiae
1137 2051 1207 2090 con-

208 2129 240 2173 20
251 2124 376 2176 secretae
393 2119 469 2187 sint;
493 2127 526 2176 ut
541 2120 727 2199 baptizentur
744 2120 869 2179 talesan
885 2119 1102 2187 confirmentur,
1117 2126 1209 2196 atque

252 2202 390 2261 ecelesiae
419 2204 562 2263 canonice
586 2205 769 2274 dedicentur,
798 2225 835 2262 ne
862 2204 928 2263 talis
956 2203 1100 2263 dubitatio
1125 2203 1208 2260 ruina

189 2335 192 2341 .
252 2285 390 2347 fidelibus
411 2288 484 2357 fiat;
509 2291 648 2368 quoniam
672 2310 728 2348 non
754 2297 930 2348 monstratur
953 2290 1099 2356 iteratum,
1125 2284 1207 2364 quod

252 2392 311 2431 non
333 2373 419 2432 certis
438 2374 553 2433 indiciis
571 2373 737 2433 ostenditur
754 2377 808 2432 rite
830 2382 993 2454 peractum.
1040 2372 1121 2434 Haeo
1140 2391 1206 2441 nos,

251 2456 479 2518 adminiculante
493 2459 594 2519 divina
608 2461 712 2538 gratia,
727 2460 769 2518 ita
783 2469 881 2518 tenere
896 2458 1042 2538 cupimus,
1052 2457 1207 2535 vobisque,

207 2559 238 2603 25
252 2553 284 2602 ut
297 2544 482 2624 postulastis,
500 2553 599 2604 tenere
618 2553 648 2604 et
665 2545 774 2605 docere
789 2546 973 2614 mandamus,
991 2554 1021 2601 et
1038 2563 1085 2611 ea,
1100 2561 1167 2620 quae
1187 2562 1205 2600 a

250 2629 364 2688 sanctis
392 2631 525 2709 patribus
553 2639 621 2689 ante
650 2651 704 2691 nos
733 2641 801 2691 aunt
828 2639 950 2700 statuta,
980 2648 1037 2686 non
1071 2634 1205 2706 proterve

251 2715 419 2794 irrumpere,
431 2715 483 2774 sed
498 2715 624 2775 fideliter
638 2737 766 2786 servare,
778 2723 924 2794 optamus.
970 2712 1061 2772 Unde
1071 2711 1205 2771 Redem-

251 2801 323 2859 toris
351 2802 442 2859 nostri
470 2800 699 2859 misericordiam
727 2820 895 2869 exoramus,
925 2808 956 2857 ut
984 2817 1039 2857 sua
1065 2797 1152 2856 vobis
1175 2797 1204 2854 iu

251 2885 387 2944 omnibus
402 2887 495 2963 gratia
510 2885 699 2964 suffragetur,
714 2894 745 2944 et
759 2884 865 2944 effectu
886 2885 1004 2964 implere
1024 2903 1078 2941 vos
1096 2883 1206 2941 tribuat

207 2970 332 3049 eoquod
356 2971 433 3029 velle
461 2964 611 3031 concessit
619 2994 627 3040 ;
653 2972 723 3052 quia
748 2971 777 3030 iu
804 2972 861 3029 bac
887 2989 918 3027 re
943 2977 1024 3028 tanto
1049 2965 1206 3026 commoda

251 3055 446 3115 retributionis
463 3064 650 3128 accrescunt,
665 3066 774 3136 quanto
794 3067 824 3115 et
841 3053 969 3116 studium
987 3052 1097 3112 laboris
1115 3071 1204 3128 auge-

251 3151 308 3198 tur.
351 3138 529 3217 Progeniem
551 3163 622 3201 vero
647 3160 732 3200 snam
755 3157 991 3220 unumquemque
1012 3136 1049 3195 de
1075 3137 1132 3206 bis,
1154 3138 1204 3216 qui

251 3224 378 3284 fideliter
400 3225 498 3286 edocti
523 3237 601 3295 sunt,
623 3229 733 3305 etjam
755 3225 839 3284 firma
860 3223 960 3283 radice
981 3222 1105 3301 plantati
1126 3231 1206 3281 stant

251 3311 426 3380 inconvulsi,
457 3331 551 3390 usqne
582 3310 620 3369 ad
654 3313 808 3390 septimam
835 3311 991 3370 observare
1019 3307 1207 3366 decernimus

208 3412 239 3456 ao
251 3396 476 3473 generationem.
520 3396 561 3454 Et
581 3397 721 3475 quamdiu
740 3416 772 3454 se
789 3394 928 3455 affinitate
949 3402 1115 3470 agnoscunt
1135 3413 1204 3472 pro-

249 3482 388 3559 pinquos,
402 3481 441 3539 ad
457 3481 545 3559 hujus
565 3483 681 3561 copulae
702 3501 760 3539 non
779 3480 922 3540 accedere
941 3479 1113 3538 societatem
1128 3496 1202 3556 prae·

252 3575 383 3633 sumant;
414 3585 564 3636 neceam,
586 3587 674 3645 quam
699 3565 805 3644 aliquis
828 3586 866 3625 ex
889 3565 1007 3645 propria
1029 3563 1205 3638 consangui-

250 3652 340 3708 nitate
370 3653 526 3729 conjugem
556 3651 669 3720 babuit,
696 3652 744 3709 vel
777 3651 876 3730 aliqua
906 3650 1009 3708 illicita
1042 3647 1203 3727 pollutione

252 3735 421 3804 maculavit,
436 3738 465 3793 in
480 3737 647 3813 conjugium
664 3734 772 3794 ducere
786 3737 839 3795 ulli
852 3735 985 3815 profecto
1000 3733 1070 3792 licet
1080 3730 1201 3790 Christi·

207 3837 240 3881 40
252 3841 384 3890 anorum,
401 3822 449 3880 vel
468 3820 569 3880 licebit
575 3842 583 3888 ;
606 3820 676 3900 quia
692 3822 879 3880 incestuosus
897 3830 944 3880 est
960 3819 1028 3878 talis
1049 3818 1155 3885 coitus,
1175 3824 1205 3877 et

312 4085 322 4116 ⁶
340 4084 407 4155 Ait]
426 4089 571 4140 Exodxvi.
585 4093 609 4140 Β.
719 4087 735 4116 ¹¹
755 4082 881 4156 Narrant]
900 4088 937 4138 st.
948 4085 1044 4135 Matth.
1058 4099 1084 4135 n.
1098 4088 1139 4133 24.
