<?xml version="1.0" encoding="UTF-8"?>
<!DOCTYPE html PUBLIC "-//W3C//DTD XHTML 1.0 Transitional//EN"
    "http://www.w3.org/TR/xhtml1/DTD/xhtml1-transitional.dtd">
<html xmlns="http://www.w3.org/1999/xhtml" xml:lang="en" lang="en">
 <head>
  <title>
</title>
<meta http-equiv="Content-Type" content="text/html;charset=utf-8" />
  <meta name='ocr-system' content='tesseract 3.04.00' />
  <meta name='ocr-capabilities' content='ocr_page ocr_carea ocr_par ocr_line ocrx_word'/>
</head>
<body>
  <div class='ocr_page' id='page_1' title='image "./venerabilisbeda00bedegoog_0313.png"; bbox 0 0 2850 4890; ppageno 0'>
   <div class='ocr_carea' id='block_1_1' title="bbox 276 366 861 432">
    <p class='ocr_par' dir='ltr' id='par_1_1' title="bbox 276 366 861 432">
     <span class='ocr_line' id='line_1_1' title="bbox 276 366 861 432; baseline -0.007 0"><span class='ocrx_word' id='word_1_1' title='bbox 276 366 341 432; x_wconf 73' lang='lat'><strong>292</strong></span> <span class='ocrx_word' id='word_1_2' title='bbox 649 383 861 431; x_wconf 77' lang='lat' dir='ltr'><strong>nernunrx.</strong></span> 
     </span>
    </p>
   </div>
   <div class='ocr_carea' id='block_1_2' title="bbox 107 526 1272 4191">
    <p class='ocr_par' dir='ltr' id='par_1_2' title="bbox 107 526 1272 1358">
     <span class='ocr_line' id='line_1_2' title="bbox 107 526 1235 608; baseline 0.007 -28"><span class='ocrx_word' id='word_1_3' title='bbox 107 533 141 582; x_wconf 78' lang='grc' dir='ltr'><strong>Α.</strong></span> <span class='ocrx_word' id='word_1_4' title='bbox 153 533 185 582; x_wconf 85' lang='lat' dir='ltr'><strong>D.</strong></span> <span class='ocrx_word' id='word_1_5' title='bbox 198 536 256 583; x_wconf 74' lang='grc'><strong>876.</strong></span> <span class='ocrx_word' id='word_1_6' title='bbox 279 529 417 588; x_wconf 88' lang='lat' dir='ltr'><strong>solatium</strong></span> <span class='ocrx_word' id='word_1_7' title='bbox 442 531 509 589; x_wconf 81' lang='lat' dir='ltr'><strong>vitae</strong></span> <span class='ocrx_word' id='word_1_8' title='bbox 533 549 663 608; x_wconf 78' lang='lat' dir='ltr'><strong>quarere</strong></span> <span class='ocrx_word' id='word_1_9' title='bbox 681 527 842 608; x_wconf 80' lang='lat' dir='ltr'>compellit,</span> <span class='ocrx_word' id='word_1_10' title='bbox 867 526 920 587; x_wconf 89' lang='lat' dir='ltr'><strong>sed</strong></span> <span class='ocrx_word' id='word_1_11' title='bbox 944 526 1062 605; x_wconf 82' lang='lat' dir='ltr'>gladius</span> <span class='ocrx_word' id='word_1_12' title='bbox 1084 527 1235 589; x_wconf 90' lang='lat' dir='ltr'><strong>Danorum</strong></span> 
     </span>
     <span class='ocr_line' id='line_1_3' title="bbox 280 614 1234 694; baseline 0.001 -21"><span class='ocrx_word' id='word_1_13' title='bbox 280 616 389 694; x_wconf 90' lang='lat' dir='ltr'><strong>ubique</strong></span> <span class='ocrx_word' id='word_1_14' title='bbox 414 615 538 675; x_wconf 74' lang='lat' dir='ltr'><strong>saeviens</strong></span> <span class='ocrx_word' id='word_1_15' title='bbox 562 615 646 673; x_wconf 90' lang='lat' dir='ltr'><strong>nobis</strong></span> <span class='ocrx_word' id='word_1_16' title='bbox 667 633 735 672; x_wconf 91' lang='lat' dir='ltr'><strong>curn</strong></span> <span class='ocrx_word' id='word_1_17' title='bbox 757 615 814 673; x_wconf 93' lang='lat' dir='ltr'><strong>boc</strong></span> <span class='ocrx_word' id='word_1_18' title='bbox 837 614 977 672; x_wconf 90' lang='lat' dir='ltr'><strong>thesauro</strong></span> <span class='ocrx_word' id='word_1_19' title='bbox 1000 615 1156 673; x_wconf 82' lang='lat' dir='ltr'><strong>transitum</strong></span> <span class='ocrx_word' id='word_1_20' title='bbox 1179 635 1234 674; x_wconf 94' lang='lat' dir='ltr'><strong>non</strong></span> 
     </span>
     <span class='ocr_line' id='line_1_4' title="bbox 280 698 1234 778; baseline 0.002 -21"><span class='ocrx_word' id='word_1_21' title='bbox 280 702 428 778; x_wconf 86' lang='lat' dir='ltr'><strong>permittit.</strong></span> <span class='ocrx_word' id='word_1_22' title='bbox 470 701 567 759; x_wconf 91' lang='lat' dir='ltr'><strong>Porro</strong></span> <span class='ocrx_word' id='word_1_23' title='bbox 582 701 618 769; x_wconf 88' lang='lat' dir='ltr'><strong>si,</strong></span> <span class='ocrx_word' id='word_1_24' title='bbox 629 700 681 759; x_wconf 93' lang='lat' dir='ltr'><strong>illo</strong></span> <span class='ocrx_word' id='word_1_25' title='bbox 696 699 809 770; x_wconf 88' lang='lat' dir='ltr'><strong>relicto,</strong></span> <span class='ocrx_word' id='word_1_26' title='bbox 821 700 905 758; x_wconf 92' lang='lat' dir='ltr'><strong>nobis</strong></span> <span class='ocrx_word' id='word_1_27' title='bbox 921 698 993 778; x_wconf 92' lang='lat' dir='ltr'><strong>ipsis</strong></span> <span class='ocrx_word' id='word_1_28' title='bbox 1008 699 1234 778; x_wconf 83' lang='lat' dir='ltr'><strong>providerimus,</strong></span> 
     </span>
     <span class='ocr_line' id='line_1_5' title="bbox 279 785 1236 865; baseline 0.001 -23"><span class='ocrx_word' id='word_1_29' title='bbox 279 786 433 863; x_wconf 85' lang='lat' dir='ltr'><strong>inquirenti</strong></span> <span class='ocrx_word' id='word_1_30' title='bbox 453 785 642 865; x_wconf 87' lang='lat' dir='ltr'><strong>postmodum</strong></span> <span class='ocrx_word' id='word_1_31' title='bbox 661 786 725 865; x_wconf 88' lang='lat' dir='ltr'><strong>ejus</strong></span> <span class='ocrx_word' id='word_1_32' title='bbox 747 785 869 865; x_wconf 93' lang='lat' dir='ltr'><strong>populo,</strong></span> <span class='ocrx_word' id='word_1_33' title='bbox 888 785 1008 843; x_wconf 85' lang='lat' dir='ltr'><strong>ubinam</strong></span> <span class='ocrx_word' id='word_1_34' title='bbox 1029 785 1070 843; x_wconf 92' lang='lat' dir='ltr'><strong>sit</strong></span> <span class='ocrx_word' id='word_1_35' title='bbox 1093 792 1195 864; x_wconf 90' lang='lat' dir='ltr'><strong>pastor</strong></span> <span class='ocrx_word' id='word_1_36' title='bbox 1208 794 1236 845; x_wconf 92' lang='lat' dir='ltr'><strong>et</strong></span> 
     </span>
     <span class='ocr_line' id='line_1_6' title="bbox 279 869 1272 951; baseline 0.001 -23"><span class='ocrx_word' id='word_1_37' title='bbox 279 880 419 949; x_wconf 88' lang='lat' dir='ltr'><strong>patronus</strong></span> <span class='ocrx_word' id='word_1_38' title='bbox 436 891 547 942; x_wconf 89' lang='lat' dir='ltr'><strong>eorum,</strong></span> <span class='ocrx_word' id='word_1_39' title='bbox 566 870 637 950; x_wconf 92' lang='lat' dir='ltr'><strong>quid</strong></span> <span class='ocrx_word' id='word_1_40' title='bbox 656 869 919 951; x_wconf 77' lang='lat' dir='ltr'><strong>respondebimus?</strong></span> <span class='ocrx_word' id='word_1_41' title='bbox 938 869 1018 929; x_wconf 90' lang='lat' dir='ltr'><strong>furto</strong></span> <span class='ocrx_word' id='word_1_42' title='bbox 1038 889 1077 928; x_wconf 89' lang='lat' dir='ltr'><strong>an</strong></span> <span class='ocrx_word' id='word_1_43' title='bbox 1095 870 1235 930; x_wconf 89' lang='lat' dir='ltr'><strong>violentia</strong></span> <span class='ocrx_word' id='word_1_44' title='bbox 1259 886 1272 929; x_wconf 78' lang='lat'><strong>5</strong></span> 
     </span>
     <span class='ocr_line' id='line_1_7' title="bbox 279 955 1234 1034; baseline 0.001 -21"><span class='ocrx_word' id='word_1_45' title='bbox 279 956 364 1016; x_wconf 92' lang='lat' dir='ltr'><strong>nobis</strong></span> <span class='ocrx_word' id='word_1_46' title='bbox 382 956 512 1015; x_wconf 90' lang='lat' dir='ltr'><strong>ablatum</strong></span> <span class='ocrx_word' id='word_1_47' title='bbox 530 956 684 1015; x_wconf 85' lang='lat' dir='ltr'><strong>dioemnsl</strong></span> <span class='ocrx_word' id='word_1_48' title='bbox 728 955 764 1014; x_wconf 95' lang='lat' dir='ltr'><strong>In</strong></span> <span class='ocrx_word' id='word_1_49' title='bbox 783 956 920 1015; x_wconf 83' lang='lat' dir='ltr'><strong>exsilium</strong></span> <span class='ocrx_word' id='word_1_50' title='bbox 937 963 1181 1034; x_wconf 90' lang='lat' dir='ltr'><strong>transportatum,</strong></span> <span class='ocrx_word' id='word_1_51' title='bbox 1198 976 1234 1014; x_wconf 91' lang='lat' dir='ltr'><strong>an</strong></span> 
     </span>
     <span class='ocr_line' id='line_1_8' title="bbox 280 1040 1234 1102; baseline 0.002 -4"><span class='ocrx_word' id='word_1_52' title='bbox 280 1040 373 1100; x_wconf 88' lang='lat' dir='ltr'><strong>solum</strong></span> <span class='ocrx_word' id='word_1_53' title='bbox 389 1043 416 1101; x_wconf 94' lang='lat' dir='ltr'><strong>in</strong></span> <span class='ocrx_word' id='word_1_54' title='bbox 433 1041 557 1101; x_wconf 84' lang='lat' dir='ltr'><strong>desertis</strong></span> <span class='ocrx_word' id='word_1_55' title='bbox 571 1041 774 1101; x_wconf 89' lang='lat' dir='ltr'><strong>nunciabimus</strong></span> <span class='ocrx_word' id='word_1_56' title='bbox 789 1040 940 1102; x_wconf 83' lang='lat' dir='ltr'><strong>relictum?</strong></span> <span class='ocrx_word' id='word_1_57' title='bbox 984 1040 1134 1100; x_wconf 81' lang='lat' dir='ltr'><strong>Profecto</strong></span> <span class='ocrx_word' id='word_1_58' title='bbox 1149 1061 1234 1100; x_wconf 89' lang='lat' dir='ltr'><strong>manu</strong></span> 
     </span>
     <span class='ocr_line' id='line_1_9' title="bbox 280 1126 1235 1206; baseline 0.001 -22"><span class='ocrx_word' id='word_1_59' title='bbox 280 1126 393 1186; x_wconf 88' lang='lat' dir='ltr'><strong>illorum</strong></span> <span class='ocrx_word' id='word_1_60' title='bbox 416 1130 502 1206; x_wconf 86' lang='lat' dir='ltr'><strong>justa</strong></span> <span class='ocrx_word' id='word_1_61' title='bbox 529 1127 684 1186; x_wconf 76' lang='lat' dir='ltr'><strong>confestim</strong></span> <span class='ocrx_word' id='word_1_62' title='bbox 708 1136 801 1187; x_wconf 91' lang='lat' dir='ltr'><strong>morte</strong></span> <span class='ocrx_word' id='word_1_63' title='bbox 823 1126 1016 1204; x_wconf 84' lang='lat' dir='ltr'><strong>interibimus,</strong></span> <span class='ocrx_word' id='word_1_64' title='bbox 1040 1127 1235 1206; x_wconf 88' lang='lat' dir='ltr'><strong>omnibusque</strong></span> 
     </span>
     <span class='ocr_line' id='line_1_10' title="bbox 279 1211 1234 1291; baseline 0.001 -20"><span class='ocrx_word' id='word_1_65' title='bbox 279 1213 469 1290; x_wconf 87' lang='lat' dir='ltr'><strong>postfuturis</strong></span> <span class='ocrx_word' id='word_1_66' title='bbox 487 1213 596 1272; x_wconf 89' lang='lat' dir='ltr'><strong>seculis</strong></span> <span class='ocrx_word' id='word_1_67' title='bbox 615 1211 764 1272; x_wconf 81' lang='lat' dir='ltr'><strong>infamiam</strong></span> <span class='ocrx_word' id='word_1_68' title='bbox 780 1213 870 1272; x_wconf 89' lang='lat' dir='ltr'><strong>nostri</strong></span> <span class='ocrx_word' id='word_1_69' title='bbox 888 1211 1100 1291; x_wconf 88' lang='lat' dir='ltr'><strong>relinquemus,</strong></span> <span class='ocrx_word' id='word_1_70' title='bbox 1115 1221 1234 1272; x_wconf 92' lang='lat' dir='ltr'><strong>cuncto·</strong></span> 
     </span>
     <span class='ocr_line' id='line_1_11' title="bbox 278 1297 1272 1358; baseline 0.001 -3"><span class='ocrx_word' id='word_1_71' title='bbox 278 1318 339 1356; x_wconf 91' lang='lat' dir='ltr'><strong>rum</strong></span> <span class='ocrx_word' id='word_1_72' title='bbox 357 1297 514 1357; x_wconf 89' lang='lat' dir='ltr'><strong>maledicta</strong></span> <span class='ocrx_word' id='word_1_73' title='bbox 526 1298 724 1358; x_wconf 90' lang='lat' dir='ltr'><strong>lucrabimur.&#39;</strong></span> <span class='ocrx_word' id='word_1_74' title='bbox 1245 1311 1272 1356; x_wconf 82' lang='lat' dir='ltr'><strong>le</strong></span> 
     </span>
    </p>

    <p class='ocr_par' dir='ltr' id='par_1_3' title="bbox 273 1382 1271 4191">
     <span class='ocr_line' id='line_1_12' title="bbox 321 1382 1234 1461; baseline 0 -20"><span class='ocrx_word' id='word_1_75' title='bbox 321 1389 377 1456; x_wconf 64' lang='lat' dir='ltr'><strong>§ta</strong></span> <span class='ocrx_word' id='word_1_76' title='bbox 400 1384 497 1442; x_wconf 88' lang='lat' dir='ltr'><strong>Tanta</strong></span> <span class='ocrx_word' id='word_1_77' title='bbox 520 1404 613 1443; x_wconf 92' lang='lat' dir='ltr'><strong>rerum</strong></span> <span class='ocrx_word' id='word_1_78' title='bbox 644 1383 780 1461; x_wconf 86' lang='lat' dir='ltr'><strong>angustia</strong></span> <span class='ocrx_word' id='word_1_79' title='bbox 803 1382 987 1461; x_wconf 80' lang='lat' dir='ltr'><strong>gementibus</strong></span> <span class='ocrx_word' id='word_1_80' title='bbox 1015 1382 1138 1441; x_wconf 90' lang='lat' dir='ltr'><strong>tandem</strong></span> <span class='ocrx_word' id='word_1_81' title='bbox 1167 1402 1234 1442; x_wconf 93' lang='lat' dir='ltr'><strong>con·</strong></span> 
     </span>
     <span class='ocr_line' id='line_1_13' title="bbox 279 1467 1234 1549; baseline -0.001 -23"><span class='ocrx_word' id='word_1_82' title='bbox 279 1477 394 1527; x_wconf 90' lang='lat' dir='ltr'><strong>suetum</strong></span> <span class='ocrx_word' id='word_1_83' title='bbox 418 1470 540 1548; x_wconf 84' lang='lat' dir='ltr'><strong>piissimi</strong></span> <span class='ocrx_word' id='word_1_84' title='bbox 562 1471 675 1549; x_wconf 87' lang='lat' dir='ltr'><strong>patroni</strong></span> <span class='ocrx_word' id='word_1_85' title='bbox 696 1468 782 1528; x_wconf 85' lang='lat' dir='ltr'><strong>affuit</strong></span> <span class='ocrx_word' id='word_1_86' title='bbox 805 1467 956 1538; x_wconf 85' lang='lat' dir='ltr'><strong>auxilinm,</strong></span> <span class='ocrx_word' id='word_1_87' title='bbox 981 1489 1042 1547; x_wconf 92' lang='lat' dir='ltr'><strong>quo</strong></span> <span class='ocrx_word' id='word_1_88' title='bbox 1068 1475 1099 1527; x_wconf 91' lang='lat' dir='ltr'><strong>et</strong></span> <span class='ocrx_word' id='word_1_89' title='bbox 1121 1469 1234 1527; x_wconf 87' lang='lat' dir='ltr'><strong>animos</strong></span> 
     </span>
     <span class='ocr_line' id='line_1_14' title="bbox 278 1551 1236 1634; baseline 0.001 -23"><span class='ocrx_word' id='word_1_90' title='bbox 278 1573 377 1611; x_wconf 87' lang='lat' dir='ltr'><strong>eorum</strong></span> <span class='ocrx_word' id='word_1_91' title='bbox 392 1574 514 1614; x_wconf 86' lang='lat' dir='ltr'><strong>moerore</strong></span> <span class='ocrx_word' id='word_1_92' title='bbox 530 1564 560 1614; x_wconf 90' lang='lat' dir='ltr'><strong>et</strong></span> <span class='ocrx_word' id='word_1_93' title='bbox 573 1573 697 1634; x_wconf 92' lang='lat' dir='ltr'><strong>corpora</strong></span> <span class='ocrx_word' id='word_1_94' title='bbox 709 1554 853 1614; x_wconf 89' lang='lat' dir='ltr'><strong>relevavit</strong></span> <span class='ocrx_word' id='word_1_95' title='bbox 866 1553 976 1623; x_wconf 90' lang='lat' dir='ltr'><strong>labore,</strong></span> <span class='ocrx_word' id='word_1_96' title='bbox 992 1551 1176 1632; x_wconf 84' lang='lat' dir='ltr'><strong>quiefactus</strong></span> <span class='ocrx_word' id='word_1_97' title='bbox 1192 1561 1236 1613; x_wconf 89' lang='lat' dir='ltr'><strong>est</strong></span> 
     </span>
     <span class='ocr_line' id='line_1_15' title="bbox 279 1638 1234 1719; baseline 0.001 -22"><span class='ocrx_word' id='word_1_98' title='bbox 279 1638 425 1698; x_wconf 90' lang='lat' dir='ltr'><strong>Dominus</strong></span> <span class='ocrx_word' id='word_1_99' title='bbox 444 1638 586 1717; x_wconf 82' lang='lat' dir='ltr'><strong>refugium</strong></span> <span class='ocrx_word' id='word_1_100' title='bbox 602 1659 773 1719; x_wconf 88' lang='lat' dir='ltr'><strong>pauperum,</strong></span> <span class='ocrx_word' id='word_1_101' title='bbox 789 1638 906 1718; x_wconf 90' lang='lat' dir='ltr'><strong>adjutor</strong></span> <span class='ocrx_word' id='word_1_102' title='bbox 920 1639 948 1696; x_wconf 91' lang='lat' dir='ltr'><strong>in</strong></span> <span class='ocrx_word' id='word_1_103' title='bbox 965 1638 1234 1718; x_wconf 84' lang='lat' dir='ltr'><strong>opportunitatibus</strong></span> 
     </span>
     <span class='ocr_line' id='line_1_16' title="bbox 278 1723 1270 1803; baseline 0.002 -22"><span class='ocrx_word' id='word_1_104' title='bbox 278 1724 306 1781; x_wconf 96' lang='lat' dir='ltr'><strong>in</strong></span> <span class='ocrx_word' id='word_1_105' title='bbox 322 1725 519 1784; x_wconf 84' lang='lat' dir='ltr'><strong>tribulatione.</strong></span> <span class='ocrx_word' id='word_1_106' title='bbox 565 1724 692 1784; x_wconf 85' lang='lat' dir='ltr'><strong>Cuidam</strong></span> <span class='ocrx_word' id='word_1_107' title='bbox 706 1744 833 1803; x_wconf 90' lang='lat' dir='ltr'><strong>namque</strong></span> <span class='ocrx_word' id='word_1_108' title='bbox 848 1723 974 1792; x_wconf 90' lang='lat' dir='ltr'><strong>illorum,</strong></span> <span class='ocrx_word' id='word_1_109' title='bbox 990 1723 1132 1782; x_wconf 87' lang='lat' dir='ltr'><strong>videlicet</strong></span> <span class='ocrx_word' id='word_1_110' title='bbox 1147 1723 1270 1783; x_wconf 82' lang='lat' dir='ltr'><strong>Eun-15</strong></span> 
     </span>
     <span class='ocr_line' id='line_1_17' title="bbox 277 1808 1234 1889; baseline 0.002 -23"><span class='ocrx_word' id='word_1_111' title='bbox 277 1808 360 1880; x_wconf 90' lang='lat' dir='ltr'><strong>redo,</strong></span> <span class='ocrx_word' id='word_1_112' title='bbox 375 1831 427 1889; x_wconf 93' lang='lat' dir='ltr'><strong>per</strong></span> <span class='ocrx_word' id='word_1_113' title='bbox 442 1812 537 1869; x_wconf 88' lang='lat' dir='ltr'><strong>visum</strong></span> <span class='ocrx_word' id='word_1_114' title='bbox 552 1812 706 1878; x_wconf 85' lang='lat' dir='ltr'><strong>assistens,</strong></span> <span class='ocrx_word' id='word_1_115' title='bbox 714 1810 809 1888; x_wconf 86' lang='lat' dir='ltr'><strong>jussit</strong></span> <span class='ocrx_word' id='word_1_116' title='bbox 822 1818 864 1878; x_wconf 92' lang='lat' dir='ltr'><strong>nt,</strong></span> <span class='ocrx_word' id='word_1_117' title='bbox 877 1818 951 1868; x_wconf 85' lang='lat' dir='ltr'><strong>aestu</strong></span> <span class='ocrx_word' id='word_1_118' title='bbox 966 1810 1055 1868; x_wconf 91' lang='lat' dir='ltr'><strong>maris</strong></span> <span class='ocrx_word' id='word_1_119' title='bbox 1068 1808 1234 1879; x_wconf 86' lang='lat' dir='ltr'><strong>recedente,</strong></span> 
     </span>
     <span class='ocr_line' id='line_1_18' title="bbox 279 1893 1234 1974; baseline 0.003 -22"><span class='ocrx_word' id='word_1_120' title='bbox 279 1893 412 1953; x_wconf 90' lang='lat' dir='ltr'><strong>codicem</strong></span> <span class='ocrx_word' id='word_1_121' title='bbox 440 1897 490 1974; x_wconf 92' lang='lat' dir='ltr'><strong>qui</strong></span> <span class='ocrx_word' id='word_1_122' title='bbox 517 1894 555 1954; x_wconf 91' lang='lat' dir='ltr'><strong>de</strong></span> <span class='ocrx_word' id='word_1_123' title='bbox 579 1896 657 1966; x_wconf 88' lang='lat' dir='ltr'><strong>navi,</strong></span> <span class='ocrx_word' id='word_1_124' title='bbox 683 1902 715 1954; x_wconf 92' lang='lat' dir='ltr'><strong>nt</strong></span> <span class='ocrx_word' id='word_1_125' title='bbox 737 1895 871 1974; x_wconf 90' lang='lat' dir='ltr'><strong>superius</strong></span> <span class='ocrx_word' id='word_1_126' title='bbox 898 1893 1009 1952; x_wconf 91' lang='lat' dir='ltr'><strong>dictum</strong></span> <span class='ocrx_word' id='word_1_127' title='bbox 1036 1901 1096 1964; x_wconf 91' lang='lat' dir='ltr'><strong>est,</strong></span> <span class='ocrx_word' id='word_1_128' title='bbox 1120 1894 1234 1955; x_wconf 90' lang='lat' dir='ltr'><strong>medias</strong></span> 
     </span>
     <span class='ocr_line' id='line_1_19' title="bbox 278 1979 1234 2061; baseline 0.004 -25"><span class='ocrx_word' id='word_1_129' title='bbox 278 1979 427 2039; x_wconf 87' lang='lat' dir='ltr'><strong>ceciderat</strong></span> <span class='ocrx_word' id='word_1_130' title='bbox 441 1981 470 2038; x_wconf 94' lang='lat' dir='ltr'><strong>in</strong></span> <span class='ocrx_word' id='word_1_131' title='bbox 487 1981 592 2052; x_wconf 90' lang='lat' dir='ltr'><strong>undas,</strong></span> <span class='ocrx_word' id='word_1_132' title='bbox 608 1989 782 2061; x_wconf 83' lang='lat' dir='ltr'><strong>quaererent,</strong></span> <span class='ocrx_word' id='word_1_133' title='bbox 797 1979 932 2038; x_wconf 81' lang='lat' dir='ltr'><strong>fortassis</strong></span> <span class='ocrx_word' id='word_1_134' title='bbox 948 1979 1025 2037; x_wconf 89' lang='lat' dir='ltr'><strong>enim</strong></span> <span class='ocrx_word' id='word_1_135' title='bbox 1042 1989 1149 2038; x_wconf 90' lang='lat' dir='ltr'><strong>contra</strong></span> <span class='ocrx_word' id='word_1_136' title='bbox 1166 1981 1234 2051; x_wconf 89' lang='lat' dir='ltr'><strong>boc,</strong></span> 
     </span>
     <span class='ocr_line' id='line_1_20' title="bbox 278 2064 1232 2146; baseline 0.002 -23"><span class='ocrx_word' id='word_1_137' title='bbox 278 2064 359 2143; x_wconf 90' lang='lat' dir='ltr'><strong>quod</strong></span> <span class='ocrx_word' id='word_1_138' title='bbox 385 2065 442 2144; x_wconf 88' lang='lat' dir='ltr'><strong>ipsi</strong></span> <span class='ocrx_word' id='word_1_139' title='bbox 470 2087 588 2145; x_wconf 88' lang='lat' dir='ltr'><strong>sperare</strong></span> <span class='ocrx_word' id='word_1_140' title='bbox 615 2074 747 2146; x_wconf 90' lang='lat' dir='ltr'><strong>possent,</strong></span> <span class='ocrx_word' id='word_1_141' title='bbox 773 2065 840 2124; x_wconf 87' lang='lat' dir='ltr'><strong>Deo</strong></span> <span class='ocrx_word' id='word_1_142' title='bbox 867 2064 1034 2138; x_wconf 89' lang='lat' dir='ltr'><strong>miserante,</strong></span> <span class='ocrx_word' id='word_1_143' title='bbox 1061 2065 1232 2125; x_wconf 89' lang='lat' dir='ltr'><strong>invenirent.</strong></span> 
     </span>
     <span class='ocr_line' id='line_1_21' title="bbox 277 2148 1271 2229; baseline 0.003 -21"><span class='ocrx_word' id='word_1_144' title='bbox 277 2148 361 2209; x_wconf 89' lang='lat' dir='ltr'><strong>Nam</strong></span> <span class='ocrx_word' id='word_1_145' title='bbox 376 2158 406 2209; x_wconf 88' lang='lat' dir='ltr'><strong>et</strong></span> <span class='ocrx_word' id='word_1_146' title='bbox 421 2149 457 2208; x_wconf 91' lang='lat' dir='ltr'><strong>de</strong></span> <span class='ocrx_word' id='word_1_147' title='bbox 476 2152 553 2211; x_wconf 91' lang='lat' dir='ltr'><strong>illins</strong></span> <span class='ocrx_word' id='word_1_148' title='bbox 572 2152 636 2211; x_wconf 88' lang='lat' dir='ltr'><strong>libri</strong></span> <span class='ocrx_word' id='word_1_149' title='bbox 655 2152 824 2220; x_wconf 90' lang='lat' dir='ltr'><strong>amissione,</strong></span> <span class='ocrx_word' id='word_1_150' title='bbox 839 2150 967 2229; x_wconf 80' lang='lat' dir='ltr'><strong>marrima</strong></span> <span class='ocrx_word' id='word_1_151' title='bbox 984 2150 1103 2209; x_wconf 90' lang='lat' dir='ltr'><strong>illorum</strong></span> <span class='ocrx_word' id='word_1_152' title='bbox 1120 2160 1271 2211; x_wconf 77' lang='lat' dir='ltr'><strong>menteseo</strong></span> 
     </span>
     <span class='ocr_line' id='line_1_22' title="bbox 276 2235 1233 2316; baseline 0.002 -22"><span class='ocrx_word' id='word_1_153' title='bbox 276 2236 496 2314; x_wconf 86' lang='lat' dir='ltr'><strong>perturbaverat</strong></span> <span class='ocrx_word' id='word_1_154' title='bbox 531 2237 677 2297; x_wconf 84' lang='lat' dir='ltr'><strong>moestitia.</strong></span> <span class='ocrx_word' id='word_1_155' title='bbox 736 2236 856 2302; x_wconf 80' lang='lat' dir='ltr'><strong>Quibus</strong></span> <span class='ocrx_word' id='word_1_156' title='bbox 887 2235 984 2294; x_wconf 89' lang='lat' dir='ltr'><strong>verbis</strong></span> <span class='ocrx_word' id='word_1_157' title='bbox 1015 2236 1084 2293; x_wconf 85' lang='lat' dir='ltr'><strong>baec</strong></span> <span class='ocrx_word' id='word_1_158' title='bbox 1114 2256 1233 2316; x_wconf 93' lang='lat' dir='ltr'><strong>quoque</strong></span> 
     </span>
     <span class='ocr_line' id='line_1_23' title="bbox 277 2320 1232 2402; baseline 0.003 -23"><span class='ocrx_word' id='word_1_159' title='bbox 277 2321 454 2401; x_wconf 87' lang='lat' dir='ltr'><strong>adjungens,</strong></span> <span class='ocrx_word' id='word_1_160' title='bbox 469 2329 477 2356; x_wconf 84' lang='lat'>‘</span> <span class='ocrx_word' id='word_1_161' title='bbox 492 2322 561 2393; x_wconf 88' lang='lat' dir='ltr'><strong>Tu,’</strong></span> <span class='ocrx_word' id='word_1_162' title='bbox 574 2323 678 2402; x_wconf 93' lang='lat' dir='ltr'><strong>inquit,</strong></span> <span class='ocrx_word' id='word_1_163' title='bbox 693 2328 701 2354; x_wconf 92' lang='lat'>‘</span> <span class='ocrx_word' id='word_1_164' title='bbox 717 2323 803 2380; x_wconf 88' lang='lat' dir='ltr'><strong>citius</strong></span> <span class='ocrx_word' id='word_1_165' title='bbox 818 2341 940 2399; x_wconf 81' lang='lat' dir='ltr'><strong>surgens</strong></span> <span class='ocrx_word' id='word_1_166' title='bbox 955 2320 1090 2390; x_wconf 84' lang='lat' dir='ltr'><strong>fraenum,</strong></span> <span class='ocrx_word' id='word_1_167' title='bbox 1108 2321 1191 2399; x_wconf 92' lang='lat' dir='ltr'><strong>qnod</strong></span> <span class='ocrx_word' id='word_1_168' title='bbox 1204 2324 1232 2382; x_wconf 95' lang='lat' dir='ltr'><strong>in</strong></span> 
     </span>
     <span class='ocr_line' id='line_1_24' title="bbox 277 2405 1232 2488; baseline 0.003 -24"><span class='ocrx_word' id='word_1_169' title='bbox 277 2407 380 2465; x_wconf 92' lang='lat' dir='ltr'><strong>arbore</strong></span> <span class='ocrx_word' id='word_1_170' title='bbox 400 2406 514 2467; x_wconf 87' lang='lat' dir='ltr'><strong>videbis</strong></span> <span class='ocrx_word' id='word_1_171' title='bbox 532 2406 670 2488; x_wconf 89' lang='lat' dir='ltr'><strong>pendere,</strong></span> <span class='ocrx_word' id='word_1_172' title='bbox 685 2427 761 2485; x_wconf 90' lang='lat' dir='ltr'><strong>equo</strong></span> <span class='ocrx_word' id='word_1_173' title='bbox 780 2426 868 2485; x_wconf 90' lang='lat' dir='ltr'><strong>quem</strong></span> <span class='ocrx_word' id='word_1_174' title='bbox 887 2426 944 2465; x_wconf 88' lang='lat' dir='ltr'><strong>non</strong></span> <span class='ocrx_word' id='word_1_175' title='bbox 965 2405 1054 2484; x_wconf 86' lang='lat' dir='ltr'><strong>longe</strong></span> <span class='ocrx_word' id='word_1_176' title='bbox 1069 2407 1139 2464; x_wconf 87' lang='lat' dir='ltr'><strong>hinc</strong></span> <span class='ocrx_word' id='word_1_177' title='bbox 1153 2407 1232 2469; x_wconf 89' lang='lat' dir='ltr'><strong>inve·</strong></span> 
     </span>
     <span class='ocr_line' id='line_1_25' title="bbox 276 2492 1233 2571; baseline 0.003 -22"><span class='ocrx_word' id='word_1_178' title='bbox 276 2493 339 2550; x_wconf 91' lang='lat' dir='ltr'><strong>nies</strong></span> <span class='ocrx_word' id='word_1_179' title='bbox 354 2492 519 2563; x_wconf 88' lang='lat' dir='ltr'><strong>ostendere,</strong></span> <span class='ocrx_word' id='word_1_180' title='bbox 534 2513 662 2571; x_wconf 86' lang='lat' dir='ltr'><strong>moxque</strong></span> <span class='ocrx_word' id='word_1_181' title='bbox 678 2492 716 2552; x_wconf 89' lang='lat' dir='ltr'><strong>ad</strong></span> <span class='ocrx_word' id='word_1_182' title='bbox 730 2501 759 2551; x_wconf 90' lang='lat' dir='ltr'><strong>te</strong></span> <span class='ocrx_word' id='word_1_183' title='bbox 775 2499 879 2570; x_wconf 89' lang='lat' dir='ltr'><strong>sponte</strong></span> <span class='ocrx_word' id='word_1_184' title='bbox 899 2499 1101 2551; x_wconf 86' lang='lat' dir='ltr'><strong>accurrentem</strong></span> <span class='ocrx_word' id='word_1_185' title='bbox 1115 2494 1233 2552; x_wconf 92' lang='lat' dir='ltr'><strong>curabis</strong></span> 
     </span>
     <span class='ocr_line' id='line_1_26' title="bbox 276 2577 1269 2658; baseline 0.003 -23"><span class='ocrx_word' id='word_1_186' title='bbox 276 2577 408 2647; x_wconf 70' lang='lat' dir='ltr'><strong>fraenare,</strong></span> <span class='ocrx_word' id='word_1_187' title='bbox 434 2598 521 2657; x_wconf 90' lang='lat' dir='ltr'><strong>quem</strong></span> <span class='ocrx_word' id='word_1_188' title='bbox 547 2577 687 2658; x_wconf 89' lang='lat' dir='ltr'><strong>deinceps</strong></span> <span class='ocrx_word' id='word_1_189' title='bbox 710 2598 835 2646; x_wconf 86' lang='lat' dir='ltr'><strong>carrum,</strong></span> <span class='ocrx_word' id='word_1_190' title='bbox 860 2578 888 2634; x_wconf 91' lang='lat' dir='ltr'><strong>in</strong></span> <span class='ocrx_word' id='word_1_191' title='bbox 913 2597 973 2656; x_wconf 93' lang='lat' dir='ltr'><strong>quo</strong></span> <span class='ocrx_word' id='word_1_192' title='bbox 1000 2597 1101 2636; x_wconf 91' lang='lat' dir='ltr'><strong>meum</strong></span> <span class='ocrx_word' id='word_1_193' title='bbox 1124 2592 1269 2658; x_wconf 70' lang='lat' dir='ltr'><strong>corpusao</strong></span> 
     </span>
     <span class='ocr_line' id='line_1_27' title="bbox 275 2660 1233 2741; baseline 0.001 -20"><span class='ocrx_word' id='word_1_194' title='bbox 275 2663 485 2733; x_wconf 89' lang='lat' dir='ltr'><strong>circumfertur,</strong></span> <span class='ocrx_word' id='word_1_195' title='bbox 492 2665 664 2732; x_wconf 87' lang='lat' dir='ltr'><strong>trahentem,</strong></span> <span class='ocrx_word' id='word_1_196' title='bbox 673 2684 727 2722; x_wconf 89' lang='lat' dir='ltr'><strong>vos</strong></span> <span class='ocrx_word' id='word_1_197' title='bbox 738 2663 867 2741; x_wconf 83' lang='lat' dir='ltr'><strong>levigato</strong></span> <span class='ocrx_word' id='word_1_198' title='bbox 872 2661 974 2721; x_wconf 92' lang='lat' dir='ltr'><strong>labore</strong></span> <span class='ocrx_word' id='word_1_199' title='bbox 982 2663 1068 2740; x_wconf 92' lang='lat' dir='ltr'><strong>sequi</strong></span> <span class='ocrx_word' id='word_1_200' title='bbox 1075 2660 1233 2723; x_wconf 85' lang='lat' dir='ltr'><strong>valebitis’</strong></span> 
     </span>
     <span class='ocr_line' id='line_1_28' title="bbox 277 2746 1231 2828; baseline 0.002 -23"><span class='ocrx_word' id='word_1_201' title='bbox 277 2746 339 2806; x_wconf 90' lang='lat' dir='ltr'><strong>His</strong></span> <span class='ocrx_word' id='word_1_202' title='bbox 361 2749 519 2828; x_wconf 90' lang='lat' dir='ltr'><strong>perceptis,</strong></span> <span class='ocrx_word' id='word_1_203' title='bbox 542 2749 695 2807; x_wconf 86' lang='lat' dir='ltr'><strong>confestim</strong></span> <span class='ocrx_word' id='word_1_204' title='bbox 713 2768 816 2808; x_wconf 90' lang='lat' dir='ltr'><strong>somno</strong></span> <span class='ocrx_word' id='word_1_205' title='bbox 833 2747 1072 2827; x_wconf 84' lang='lat' dir='ltr'><strong>expergefactus,</strong></span> <span class='ocrx_word' id='word_1_206' title='bbox 1087 2748 1231 2808; x_wconf 85' lang='lat' dir='ltr'><strong>visionem</strong></span> 
     </span>
     <span class='ocr_line' id='line_1_29' title="bbox 277 2831 1230 2912; baseline 0.001 -22"><span class='ocrx_word' id='word_1_207' title='bbox 277 2854 309 2891; x_wconf 89' lang='lat' dir='ltr'><strong>se</strong></span> <span class='ocrx_word' id='word_1_208' title='bbox 321 2832 432 2893; x_wconf 88' lang='lat' dir='ltr'><strong>vidisse</strong></span> <span class='ocrx_word' id='word_1_209' title='bbox 445 2835 585 2903; x_wconf 89' lang='lat' dir='ltr'><strong>narravit;</strong></span> <span class='ocrx_word' id='word_1_210' title='bbox 606 2854 734 2912; x_wconf 88' lang='lat' dir='ltr'><strong>moxque</strong></span> <span class='ocrx_word' id='word_1_211' title='bbox 743 2833 859 2912; x_wconf 90' lang='lat' dir='ltr'><strong>aliquos</strong></span> <span class='ocrx_word' id='word_1_212' title='bbox 870 2854 886 2891; x_wconf 94' lang='lat' dir='ltr'><strong>e</strong></span> <span class='ocrx_word' id='word_1_213' title='bbox 898 2834 986 2892; x_wconf 88' lang='lat' dir='ltr'><strong>sociis</strong></span> <span class='ocrx_word' id='word_1_214' title='bbox 997 2831 1036 2891; x_wconf 88' lang='lat' dir='ltr'><strong>ad</strong></span> <span class='ocrx_word' id='word_1_215' title='bbox 1047 2853 1139 2903; x_wconf 91' lang='lat' dir='ltr'><strong>mare,</strong></span> <span class='ocrx_word' id='word_1_216' title='bbox 1151 2834 1230 2912; x_wconf 93' lang='lat' dir='ltr'><strong>qnod</strong></span> 
     </span>
     <span class='ocr_line' id='line_1_30' title="bbox 276 2918 1230 2998; baseline 0.002 -22"><span class='ocrx_word' id='word_1_217' title='bbox 276 2927 340 2976; x_wconf 90' lang='lat' dir='ltr'><strong>erat</strong></span> <span class='ocrx_word' id='word_1_218' title='bbox 360 2920 497 2991; x_wconf 90' lang='lat' dir='ltr'><strong>vicinum,</strong></span> <span class='ocrx_word' id='word_1_219' title='bbox 522 2920 637 2990; x_wconf 90' lang='lat' dir='ltr'><strong>librum,</strong></span> <span class='ocrx_word' id='word_1_220' title='bbox 655 2940 744 2998; x_wconf 90' lang='lat' dir='ltr'><strong>quern</strong></span> <span class='ocrx_word' id='word_1_221' title='bbox 761 2919 929 2988; x_wconf 86' lang='lat' dir='ltr'><strong>amiserant,</strong></span> <span class='ocrx_word' id='word_1_222' title='bbox 948 2918 1125 2997; x_wconf 81' lang='lat' dir='ltr'><strong>quaesituros</strong></span> <span class='ocrx_word' id='word_1_223' title='bbox 1143 2919 1230 2978; x_wconf 89' lang='lat' dir='ltr'><strong>misit.</strong></span> 
     </span>
     <span class='ocr_line' id='line_1_31' title="bbox 277 3001 1268 3085; baseline 0.003 -24"><span class='ocrx_word' id='word_1_224' title='bbox 277 3004 340 3062; x_wconf 89' lang='lat' dir='ltr'><strong>Per</strong></span> <span class='ocrx_word' id='word_1_225' title='bbox 364 3004 393 3063; x_wconf 92' lang='lat' dir='ltr'><strong>id</strong></span> <span class='ocrx_word' id='word_1_226' title='bbox 417 3006 526 3085; x_wconf 91' lang='lat' dir='ltr'><strong>qnippe</strong></span> <span class='ocrx_word' id='word_1_227' title='bbox 547 3006 697 3084; x_wconf 87' lang='lat' dir='ltr'><strong>temporis,</strong></span> <span class='ocrx_word' id='word_1_228' title='bbox 722 3005 750 3063; x_wconf 92' lang='lat' dir='ltr'><strong>in</strong></span> <span class='ocrx_word' id='word_1_229' title='bbox 774 3004 872 3063; x_wconf 91' lang='lat' dir='ltr'><strong>locum</strong></span> <span class='ocrx_word' id='word_1_230' title='bbox 900 3005 950 3083; x_wconf 89' lang='lat' dir='ltr'><strong>qui</strong></span> <span class='ocrx_word' id='word_1_231' title='bbox 975 3001 1112 3062; x_wconf 88' lang='lat' dir='ltr'><strong>Candida</strong></span> <span class='ocrx_word' id='word_1_232' title='bbox 1139 3003 1230 3074; x_wconf 88' lang='lat' dir='ltr'><strong>Casa,</strong></span> <span class='ocrx_word' id='word_1_233' title='bbox 1241 3019 1268 3064; x_wconf 77' lang='lat' dir='ltr'><strong>so</strong></span> 
     </span>
     <span class='ocr_line' id='line_1_32' title="bbox 275 3088 1231 3168; baseline 0.001 -20"><span class='ocrx_word' id='word_1_234' title='bbox 275 3089 366 3166; x_wconf 86' lang='lat' dir='ltr'><strong>vulgo</strong></span> <span class='ocrx_word' id='word_1_235' title='bbox 394 3100 492 3149; x_wconf 87' lang='lat' dir='ltr'><strong>autern</strong></span> <span class='ocrx_word' id='word_1_236' title='bbox 519 3088 691 3150; x_wconf 87' lang='lat' dir='ltr'><strong>Huuiterna</strong></span> <span class='ocrx_word' id='word_1_237' title='bbox 716 3098 850 3159; x_wconf 85' lang='lat' dir='ltr'><strong>vocatur,</strong></span> <span class='ocrx_word' id='word_1_238' title='bbox 878 3088 1066 3149; x_wconf 86' lang='lat' dir='ltr'><strong>devenerant.</strong></span> <span class='ocrx_word' id='word_1_239' title='bbox 1123 3088 1231 3168; x_wconf 90' lang='lat' dir='ltr'><strong>Itaque</strong></span> 
     </span>
     <span class='ocr_line' id='line_1_33' title="bbox 275 3173 1230 3254; baseline 0.003 -23"><span class='ocrx_word' id='word_1_240' title='bbox 275 3183 430 3252; x_wconf 82' lang='lat' dir='ltr'><strong>pergentes</strong></span> <span class='ocrx_word' id='word_1_241' title='bbox 459 3174 498 3234; x_wconf 89' lang='lat' dir='ltr'><strong>ad</strong></span> <span class='ocrx_word' id='word_1_242' title='bbox 527 3197 617 3246; x_wconf 91' lang='lat' dir='ltr'><strong>mare,</strong></span> <span class='ocrx_word' id='word_1_243' title='bbox 636 3175 737 3234; x_wconf 66' lang='lat' dir='ltr'><strong>vmulto</strong></span> <span class='ocrx_word' id='word_1_244' title='bbox 772 3196 861 3254; x_wconf 87' lang='lat' dir='ltr'><strong>quarn</strong></span> <span class='ocrx_word' id='word_1_245' title='bbox 892 3180 1088 3234; x_wconf 90' lang='lat' dir='ltr'><strong>consueverat</strong></span> <span class='ocrx_word' id='word_1_246' title='bbox 1115 3173 1230 3253; x_wconf 86' lang='lat' dir='ltr'><strong>lougius</strong></span> 
     </span>
     <span class='ocr_line' id='line_1_34' title="bbox 275 3259 1231 3340; baseline 0.004 -24"><span class='ocrx_word' id='word_1_247' title='bbox 275 3260 419 3318; x_wconf 90' lang='lat' dir='ltr'><strong>recesisse</strong></span> <span class='ocrx_word' id='word_1_248' title='bbox 441 3261 636 3340; x_wconf 89' lang='lat' dir='ltr'><strong>conspiciunt,</strong></span> <span class='ocrx_word' id='word_1_249' title='bbox 655 3269 685 3320; x_wconf 88' lang='lat' dir='ltr'><strong>et</strong></span> <span class='ocrx_word' id='word_1_250' title='bbox 704 3261 796 3320; x_wconf 85' lang='lat' dir='ltr'><strong>tribus</strong></span> <span class='ocrx_word' id='word_1_251' title='bbox 818 3260 867 3320; x_wconf 89' lang='lat' dir='ltr'><strong>vel</strong></span> <span class='ocrx_word' id='word_1_252' title='bbox 890 3280 926 3319; x_wconf 90' lang='lat' dir='ltr'><strong>eo</strong></span> <span class='ocrx_word' id='word_1_253' title='bbox 944 3259 1069 3339; x_wconf 90' lang='lat' dir='ltr'><strong>amplius</strong></span> <span class='ocrx_word' id='word_1_254' title='bbox 1091 3260 1231 3320; x_wconf 89' lang='lat' dir='ltr'><strong>milliariis</strong></span> 
     </span>
     <span class='ocr_line' id='line_1_35' title="bbox 276 3342 1230 3425; baseline 0.003 -24"><span class='ocrx_word' id='word_1_255' title='bbox 276 3342 452 3421; x_wconf 81' lang='lat' dir='ltr'><strong>gradientes,</strong></span> <span class='ocrx_word' id='word_1_256' title='bbox 466 3346 563 3424; x_wconf 90' lang='lat' dir='ltr'><strong>ipsum</strong></span> <span class='ocrx_word' id='word_1_257' title='bbox 585 3355 720 3405; x_wconf 88' lang='lat' dir='ltr'><strong>sanctum</strong></span> <span class='ocrx_word' id='word_1_258' title='bbox 742 3345 970 3424; x_wconf 84' lang='lat' dir='ltr'><strong>Evangeliorum</strong></span> <span class='ocrx_word' id='word_1_259' title='bbox 988 3343 1125 3404; x_wconf 90' lang='lat' dir='ltr'><strong>codicem</strong></span> <span class='ocrx_word' id='word_1_260' title='bbox 1150 3366 1230 3425; x_wconf 91' lang='lat' dir='ltr'><strong>repe·</strong></span> 
     </span>
     <span class='ocr_line' id='line_1_36' title="bbox 275 3428 1266 3509; baseline 0.001 -22"><span class='ocrx_word' id='word_1_261' title='bbox 275 3429 361 3497; x_wconf 88' lang='lat' dir='ltr'><strong>riunt,</strong></span> <span class='ocrx_word' id='word_1_262' title='bbox 377 3430 427 3508; x_wconf 88' lang='lat' dir='ltr'><strong>qui</strong></span> <span class='ocrx_word' id='word_1_263' title='bbox 441 3430 483 3489; x_wconf 90' lang='lat' dir='ltr'><strong>ita</strong></span> <span class='ocrx_word' id='word_1_264' title='bbox 497 3429 661 3491; x_wconf 91' lang='lat' dir='ltr'><strong>forinsecus</strong></span> <span class='ocrx_word' id='word_1_265' title='bbox 680 3432 802 3509; x_wconf 84' lang='lat' dir='ltr'><strong>gemmis</strong></span> <span class='ocrx_word' id='word_1_266' title='bbox 821 3440 851 3490; x_wconf 88' lang='lat' dir='ltr'><strong>et</strong></span> <span class='ocrx_word' id='word_1_267' title='bbox 869 3452 941 3490; x_wconf 90' lang='lat' dir='ltr'><strong>auro</strong></span> <span class='ocrx_word' id='word_1_268' title='bbox 959 3431 1004 3489; x_wconf 88' lang='lat' dir='ltr'><strong>sui</strong></span> <span class='ocrx_word' id='word_1_269' title='bbox 1025 3428 1177 3501; x_wconf 88' lang='lat' dir='ltr'><strong>decorem,</strong></span> <span class='ocrx_word' id='word_1_270' title='bbox 1192 3432 1266 3490; x_wconf 73' lang='lat' dir='ltr'><strong>itant</strong></span> 
     </span>
     <span class='ocr_line' id='line_1_37' title="bbox 274 3513 1231 3596; baseline 0.004 -25"><span class='ocrx_word' id='word_1_271' title='bbox 274 3514 448 3574; x_wconf 89' lang='lat' dir='ltr'><strong>intrinsecus</strong></span> <span class='ocrx_word' id='word_1_272' title='bbox 462 3515 554 3575; x_wconf 89' lang='lat' dir='ltr'><strong>literis</strong></span> <span class='ocrx_word' id='word_1_273' title='bbox 574 3525 604 3574; x_wconf 94' lang='lat' dir='ltr'><strong>et</strong></span> <span class='ocrx_word' id='word_1_274' title='bbox 618 3516 697 3576; x_wconf 91' lang='lat' dir='ltr'><strong>foliis</strong></span> <span class='ocrx_word' id='word_1_275' title='bbox 711 3517 835 3596; x_wconf 91' lang='lat' dir='ltr'><strong>priorem</strong></span> <span class='ocrx_word' id='word_1_276' title='bbox 849 3516 1023 3596; x_wconf 88' lang='lat' dir='ltr'><strong>praeferebat</strong></span> <span class='ocrx_word' id='word_1_277' title='bbox 1035 3513 1231 3594; x_wconf 85' lang='lat' dir='ltr'><strong>pulchritudi-</strong></span> 
     </span>
     <span class='ocr_line' id='line_1_38' title="bbox 275 3601 1229 3680; baseline 0.003 -23"><span class='ocrx_word' id='word_1_278' title='bbox 275 3619 352 3670; x_wconf 90' lang='lat' dir='ltr'><strong>nem,</strong></span> <span class='ocrx_word' id='word_1_279' title='bbox 377 3619 413 3658; x_wconf 89' lang='lat' dir='ltr'><strong>ac</strong></span> <span class='ocrx_word' id='word_1_280' title='bbox 438 3601 463 3659; x_wconf 89' lang='lat' dir='ltr'><strong>si</strong></span> <span class='ocrx_word' id='word_1_281' title='bbox 491 3602 529 3661; x_wconf 93' lang='lat' dir='ltr'><strong>ab</strong></span> <span class='ocrx_word' id='word_1_282' title='bbox 554 3622 633 3680; x_wconf 90' lang='lat' dir='ltr'><strong>aqua</strong></span> <span class='ocrx_word' id='word_1_283' title='bbox 655 3603 772 3660; x_wconf 88' lang='lat' dir='ltr'><strong>minime</strong></span> <span class='ocrx_word' id='word_1_284' title='bbox 796 3609 893 3660; x_wconf 87' lang='lat' dir='ltr'><strong>tactus</strong></span> <span class='ocrx_word' id='word_1_285' title='bbox 918 3602 1031 3660; x_wconf 90' lang='lat' dir='ltr'><strong>fuisset.</strong></span> <span class='ocrx_word' id='word_1_286' title='bbox 1077 3601 1157 3666; x_wconf 79' lang='lat' dir='ltr'><strong>Quae</strong></span> <span class='ocrx_word' id='word_1_287' title='bbox 1184 3622 1229 3661; x_wconf 91' lang='lat' dir='ltr'><strong>res</strong></span> 
     </span>
     <span class='ocr_line' id='line_1_39' title="bbox 276 3685 1232 3767; baseline 0.001 -23"><span class='ocrx_word' id='word_1_288' title='bbox 276 3686 388 3744; x_wconf 89' lang='lat' dir='ltr'><strong>animos</strong></span> <span class='ocrx_word' id='word_1_289' title='bbox 409 3706 508 3744; x_wconf 90' lang='lat' dir='ltr'><strong>eorum</strong></span> <span class='ocrx_word' id='word_1_290' title='bbox 530 3688 633 3746; x_wconf 83' lang='lat' dir='ltr'><strong>anxios</strong></span> <span class='ocrx_word' id='word_1_291' title='bbox 653 3708 709 3745; x_wconf 91' lang='lat' dir='ltr'><strong>non</strong></span> <span class='ocrx_word' id='word_1_292' title='bbox 730 3707 832 3767; x_wconf 91' lang='lat' dir='ltr'><strong>parum</strong></span> <span class='ocrx_word' id='word_1_293' title='bbox 847 3686 956 3763; x_wconf 82' lang='lat' dir='ltr'><strong>gaudio</strong></span> <span class='ocrx_word' id='word_1_294' title='bbox 973 3685 1108 3764; x_wconf 88' lang='lat' dir='ltr'><strong>replevit,</strong></span> <span class='ocrx_word' id='word_1_295' title='bbox 1124 3687 1232 3746; x_wconf 89' lang='lat' dir='ltr'><strong>virum-</strong></span> 
     </span>
     <span class='ocr_line' id='line_1_40' title="bbox 274 3769 1230 3851; baseline 0.002 -22"><span class='ocrx_word' id='word_1_296' title='bbox 274 3793 332 3848; x_wconf 91' lang='lat' dir='ltr'><strong>que</strong></span> <span class='ocrx_word' id='word_1_297' title='bbox 347 3779 538 3830; x_wconf 90' lang='lat' dir='ltr'><strong>memoratum</strong></span> <span class='ocrx_word' id='word_1_298' title='bbox 554 3771 591 3830; x_wconf 91' lang='lat' dir='ltr'><strong>de</strong></span> <span class='ocrx_word' id='word_1_299' title='bbox 602 3774 717 3841; x_wconf 89' lang='lat' dir='ltr'><strong>ceteris,</strong></span> <span class='ocrx_word' id='word_1_300' title='bbox 732 3793 797 3851; x_wconf 87' lang='lat' dir='ltr'><strong>qnae</strong></span> <span class='ocrx_word' id='word_1_301' title='bbox 813 3771 955 3838; x_wconf 89' lang='lat' dir='ltr'><strong>audierat,</strong></span> <span class='ocrx_word' id='word_1_302' title='bbox 967 3771 1082 3830; x_wconf 91' lang='lat' dir='ltr'><strong>minime</strong></span> <span class='ocrx_word' id='word_1_303' title='bbox 1097 3769 1230 3831; x_wconf 90' lang='lat' dir='ltr'><strong>dubitare</strong></span> 
     </span>
     <span class='ocr_line' id='line_1_41' title="bbox 273 3857 1267 3935; baseline 0.001 -22"><span class='ocrx_word' id='word_1_304' title='bbox 273 3857 412 3934; x_wconf 92' lang='lat' dir='ltr'><strong>permisit.</strong></span> <span class='ocrx_word' id='word_1_305' title='bbox 472 3857 607 3934; x_wconf 87' lang='lat' dir='ltr'><strong>Pergens</strong></span> <span class='ocrx_word' id='word_1_306' title='bbox 636 3879 705 3934; x_wconf 87' lang='lat' dir='ltr'><strong>ergo</strong></span> <span class='ocrx_word' id='word_1_307' title='bbox 732 3858 864 3926; x_wconf 69' lang='lat' dir='ltr'><strong>fraenum,</strong></span> <span class='ocrx_word' id='word_1_308' title='bbox 893 3858 970 3915; x_wconf 88' lang='lat' dir='ltr'><strong>sicut</strong></span> <span class='ocrx_word' id='word_1_309' title='bbox 999 3876 1052 3935; x_wconf 93' lang='lat' dir='ltr'><strong>per</strong></span> <span class='ocrx_word' id='word_1_310' title='bbox 1086 3859 1267 3916; x_wconf 70' lang='lat' dir='ltr'><strong>somniumne</strong></span> 
     </span>
     <span class='ocr_line' id='line_1_42' title="bbox 273 3941 1231 4022; baseline 0.001 -23"><span class='ocrx_word' id='word_1_311' title='bbox 273 3941 427 4010; x_wconf 87' lang='lat' dir='ltr'><strong>didicerat,</strong></span> <span class='ocrx_word' id='word_1_312' title='bbox 442 3943 470 3999; x_wconf 94' lang='lat' dir='ltr'><strong>in</strong></span> <span class='ocrx_word' id='word_1_313' title='bbox 483 3943 585 3999; x_wconf 89' lang='lat' dir='ltr'><strong>arbore</strong></span> <span class='ocrx_word' id='word_1_314' title='bbox 600 3962 775 4021; x_wconf 90' lang='lat' dir='ltr'><strong>suspensum</strong></span> <span class='ocrx_word' id='word_1_315' title='bbox 787 3943 905 4011; x_wconf 90' lang='lat' dir='ltr'><strong>invenit,</strong></span> <span class='ocrx_word' id='word_1_316' title='bbox 915 3941 1020 4000; x_wconf 90' lang='lat' dir='ltr'><strong>deinde</strong></span> <span class='ocrx_word' id='word_1_317' title='bbox 1031 3942 1090 3999; x_wconf 93' lang='lat' dir='ltr'><strong>huc</strong></span> <span class='ocrx_word' id='word_1_318' title='bbox 1101 3941 1231 4022; x_wconf 89' lang='lat' dir='ltr'><strong>illucque</strong></span> 
     </span>
     <span class='ocr_line' id='line_1_43' title="bbox 274 4025 1230 4105; baseline 0.003 -22"><span class='ocrx_word' id='word_1_319' title='bbox 274 4028 524 4105; x_wconf 90' lang='lat' dir='ltr'><strong>circumspiciens,</strong></span> <span class='ocrx_word' id='word_1_320' title='bbox 560 4026 649 4105; x_wconf 90' lang='lat' dir='ltr'><strong>paulo</strong></span> <span class='ocrx_word' id='word_1_321' title='bbox 686 4028 824 4086; x_wconf 91' lang='lat' dir='ltr'><strong>remotius</strong></span> <span class='ocrx_word' id='word_1_322' title='bbox 859 4027 1006 4086; x_wconf 90' lang='lat' dir='ltr'><strong>caballum</strong></span> <span class='ocrx_word' id='word_1_323' title='bbox 1039 4025 1093 4084; x_wconf 89' lang='lat' dir='ltr'><strong>rufi</strong></span> <span class='ocrx_word' id='word_1_324' title='bbox 1124 4028 1230 4086; x_wconf 90' lang='lat' dir='ltr'><strong>coloris</strong></span> 
     </span>
     <span class='ocr_line' id='line_1_44' title="bbox 274 4111 1231 4191; baseline 0.002 -23"><span class='ocrx_word' id='word_1_325' title='bbox 274 4112 439 4189; x_wconf 88' lang='lat' dir='ltr'><strong>conspexit,</strong></span> <span class='ocrx_word' id='word_1_326' title='bbox 467 4112 518 4191; x_wconf 92' lang='lat' dir='ltr'><strong>qui</strong></span> <span class='ocrx_word' id='word_1_327' title='bbox 547 4111 625 4172; x_wconf 85' lang='lat' dir='ltr'><strong>unde</strong></span> <span class='ocrx_word' id='word_1_328' title='bbox 652 4113 699 4172; x_wconf 90' lang='lat' dir='ltr'><strong>vel</strong></span> <span class='ocrx_word' id='word_1_329' title='bbox 728 4112 878 4190; x_wconf 89' lang='lat' dir='ltr'><strong>quomodo</strong></span> <span class='ocrx_word' id='word_1_330' title='bbox 906 4115 932 4170; x_wconf 93' lang='lat' dir='ltr'><strong>in</strong></span> <span class='ocrx_word' id='word_1_331' title='bbox 958 4112 1038 4171; x_wconf 92' lang='lat' dir='ltr'><strong>illurn</strong></span> <span class='ocrx_word' id='word_1_332' title='bbox 1065 4111 1231 4172; x_wconf 90' lang='lat' dir='ltr'><strong>solitudinis</strong></span> 
     </span>
    </p>
   </div>
   <div class='ocr_carea' id='block_1_3' title="bbox 0 0 1430 4890">
    <p class='ocr_par' dir='ltr' id='par_1_4' title="bbox 0 0 1430 4890">
     <span class='ocr_line' id='line_1_45' title="bbox 0 0 1430 4890; baseline 0 1"><span class='ocrx_word' id='word_1_333' title='bbox 0 0 1430 4890; x_wconf 95' lang='lat' dir='ltr'><strong> </strong></span> 
     </span>
    </p>
   </div>
  </div>
 </body>
</html>
