2850 4890
267 358 333 423 ‘272
639 372 851 420 nrnnnnrx.

264 534 336 594 tam,
352 522 515 583 solitariam
532 522 620 581 vitam
637 522 865 602 concupiscens,
881 520 931 579 ubi
943 519 1025 601 prius
1040 539 1118 599 pene
1132 517 1228 578 nullus

265 611 362 689 potuit
376 609 470 679 solus,
485 616 605 688 propter
617 609 716 668 varias
730 608 895 668 daemonum
909 606 1094 686 phantasias,
1109 603 1228 683 aliquod

268 696 396 774 spatium
425 714 549 754 manere.
603 693 660 753 Ille
687 695 797 774 quippe
824 690 968 772 intrepida
991 699 1090 751 mente
1117 689 1229 768 fugavit

268 801 332 849 eos,
347 779 534 839 durissimam
549 787 578 837 et
591 779 738 858 lapideam
758 799 859 858 rupem
878 777 1018 837 deorsum
1035 776 1128 836 ferme
1147 775 1228 835 cubi-

266 873 327 923 tum
344 865 398 923 viri
414 866 441 923 in
457 873 562 925 terram
578 865 692 924 fodiens
707 865 766 924 loci
781 865 908 943 spatium
922 862 1003 933 fecit,
1018 862 1144 922 alterum
1158 881 1226 920 vero
1247 872 1259 915 t

266 951 399 1010 cubitum
415 950 576 1009 mirabilem
592 971 705 1010 murum
720 950 847 1029 desuper
860 968 926 1009 curn
940 948 1091 1028 lapidibus
1104 946 1227 1006 incredi-

267 1036 335 1095 bilis
354 1036 572 1114 magnitudinis,
588 1036 644 1095 nisi
663 1036 823 1095 scientibus
841 1043 951 1094 tantam
966 1034 1026 1093 Dei
1044 1035 1182 1094 virtutem
1198 1033 1226 1090 iu

268 1142 305 1181 eo
342 1142 420 1191 esse,
454 1132 485 1181 et
513 1133 589 1181 terra
620 1123 787 1181 commixtis
823 1128 1024 1180 constructum
1057 1117 1227 1187 aedificavit,

266 1207 378 1266 faciens
403 1208 443 1266 ihi
467 1206 670 1278 domunculas,
696 1205 734 1266 de
759 1207 879 1286 quibus,
898 1206 954 1265 nisi
975 1224 1093 1265 sursum
1113 1205 1229 1274 coelnm,

268 1292 450 1353 viderenilril
467 1294 571 1372 potnit.
721 1326 724 1335 ·
817 1367 821 1373 .
1237 1302 1264 1346 lu

93 1402 243 1451 nirieuronny
309 1385 322 1452 ξ
337 1384 387 1438 24.
412 1378 480 1437 Fuit
495 1399 620 1457 namque
635 1378 711 1458 lapis
724 1379 752 1437 in
768 1378 903 1438 interiore
917 1384 999 1457 parte
1014 1376 1132 1446 insulae,
1143 1394 1229 1455 qnam

91 1465 220 1554 ἷξβέξζξξῃζ
267 1464 374 1522 vehere
385 1464 413 1522 in
426 1463 563 1523 vebicnlo
578 1484 632 1523 sno
647 1473 772 1544 quatuor
787 1464 937 1523 Fratribus
947 1463 1135 1523 visitantibus
1152 1480 1227 1530 eum,

269 1550 298 1608 in
313 1549 488 1627 adjutorium
504 1548 621 1609 aedificii
638 1550 682 1608 sui
698 1550 847 1629 praecepit.
890 1549 940 1607 Illi
956 1549 1019 1607 sine
1033 1566 1119 1606 more
1131 1547 1228 1606 statim

270 1635 441 1695 obedientes
463 1635 660 1694 veneruntad
680 1633 821 1715 lapidem,
843 1655 929 1714 quem
948 1634 975 1692 iu
996 1634 1096 1693 media
1114 1632 1176 1702 via,¹
1194 1651 1228 1690 ne

269 1721 436 1781 vehiculum
451 1722 516 1799 ejus
536 1720 760 1799 confringerent,
776 1729 827 1780 aut
846 1741 879 1778 se
898 1721 979 1799 ipsos
998 1718 1153 1789 laederent,
1173 1737 1227 1777 nou
1239 1731 1262 1776 lt

268 1806 464 1885 perducentes
480 1806 667 1885 reliquerunt.
708 1805 825 1865 Deinde
839 1826 909 1865 vero
921 1805 1096 1882 navigantes
1112 1803 1228 1864 Fratres

269 1901 340 1972 post
361 1913 419 1950 non
440 1891 537 1971 plnres
561 1891 626 1951 dies
649 1893 752 1951 iterum
771 1892 923 1951 visitantes
944 1910 1012 1950 eum
1031 1898 1185 1959 venerunt,
1200 1898 1229 1947 et

270 1975 407 2036 viderunt
423 1987 617 2054 agnoscentes
638 1977 765 2058 lapidem
781 1997 866 2036 snum
880 1977 917 2036 ab
931 1976 989 2035 illis
1003 1975 1185 2035 immobilem
1200 1975 1227 2032 iu

271 2069 417 2121 structura
432 2064 507 2121 servi
523 2063 582 2121 Dei
597 2070 665 2141 apte
680 2063 886 2143 compositum,
906 2062 1062 2121 laudentes
1077 2071 1109 2120 et
1122 2058 1228 2140 glorifi-

271 2155 372 2206 cantes
403 2146 501 2207 Deum
524 2147 680 2226 magnifice
703 2148 732 2207 in
755 2149 847 2208 servis
870 2148 931 2207 snis
956 2149 1030 2207 mira
1050 2154 1265 2227 operantem,2t

271 2232 470 2304 recordantes,
487 2241 495 2267 ‘
513 2234 658 2294 Mirabilis
676 2233 760 2294 Dens
775 2235 802 2292 in
819 2234 930 2293 sanctis
944 2233 1028 2293 suis.'

315 2324 392 2393 §25.
425 2319 535 2380 Iterum
558 2320 616 2378 alia
640 2319 688 2379 die
709 2321 862 2379 visitantes
889 2320 1005 2378 Fratres
1028 2317 1229 2378 veneruntad

273 2424 350 2476 eum,
365 2406 471 2485 quibus
492 2405 540 2463 ille
562 2405 723 2464 secuudum
744 2425 853 2465 morem
873 2407 937 2482 ejus
955 2405 1079 2485 primum
1096 2402 1230 2464 Verbum

111 2509 131 2536 a
148 2509 180 2536 eu
273 2490 332 2549 Dei
355 2491 535 2570 praedicavit,
556 2489 662 2550 deinde
684 2491 770 2550 etiam
793 2499 862 2571 post
880 2490 1119 2570 praedicationem
1142 2491 1232 2570 coepit

272 2575 382 2646 dicere,
397 2585 405 2610 ⁴
422 2577 450 2635 Ο
468 2577 584 2636 Fratres
599 2576 762 2635 carissimi!
788 2577 870 2636 scitis
891 2577 961 2655 quia
979 2576 1064 2636 locus
1078 2577 1136 2634 iste
1156 2597 1230 2657 pene
1240 2588 1266 2633 tt

271 2662 469 2721 inhabitabilis
495 2671 542 2721 est
569 2671 689 2741 propter
715 2683 800 2741 aqnae
823 2663 991 2742 penuriam:
1018 2662 1087 2721 ideo
1115 2680 1231 2722 oremus

272 2746 330 2805 Dei
351 2748 502 2817 auxilinm,
516 2756 547 2806 et
565 2746 657 2807 fodite
677 2749 705 2806 in
725 2747 820 2806 medio
841 2749 1008 2827 pavimento
1027 2747 1135 2806 domus
1154 2746 1231 2807 hanc

271 2832 405 2892 saxolam
429 2842 545 2903 terram,
565 2833 635 2912 qnia
650 2843 755 2913 potens
774 2843 820 2892 est
837 2833 982 2892 Dominus
1003 2832 1089 2893 Deus
1105 2834 1144 2894 de
1159 2854 1231 2914 rupe

270 2920 384 2998 petrina
406 2920 518 2998 petenti
542 2939 649 2997 aquam
676 2920 838 2987 suscitare;
862 2919 911 2977 ille
932 2920 1008 2978 enim
1021 2919 1100 2992 ,olim
1128 2919 1232 2998 Moysi

271 3005 447 3084 percutienti
471 3005 555 3083 virga
579 3003 617 3063 de
639 3015 723 3084 petra
745 3025 851 3083 aquam
873 3005 981 3064 sitienti
1003 3005 1116 3085 populo
1137 3005 1231 3075 dedit,
1241 3015 1267 3061 tt

272 3089 465 3169 Sampsouem
488 3111 606 3169 quoque
629 3090 666 3149 de
689 3091 816 3150 maxillis
834 3091 909 3149 asini
930 3090 1074 3150 sitientem
1097 3090 1232 3172 potavit!

272 3174 391 3234 Fratres
405 3197 476 3235 vero
491 3175 653 3236 secundnm
672 3186 852 3255 praeceptum
873 3179 937 3255 ejus
956 3176 1095 3236 foderunt
1113 3185 1230 3248 terram,

272 3269 304 3318 et
327 3269 427 3319 orante
449 3281 495 3329 eo,
518 3264 614 3321 statim
639 3282 724 3341 aquae
748 3263 824 3321 vivae
846 3282 961 3322 sursum
979 3263 1007 3320 in
1030 3262 1151 3322 obviam
1167 3265 1231 3342 ejus

272 3356 436 3405 manantem
451 3345 489 3404 de
503 3367 614 3407 saxosa
626 3358 702 3407 terra
717 3368 866 3428 erumpere
881 3349 1061 3416 invenerunt,
1077 3351 1164 3428 cnjus
1178 3369 1231 3409 nos

272 3450 407 3509 magnam
433 3433 609 3492 suavitatem
628 3432 792 3493 dulcedinis
813 3454 906 3512 usque
926 3433 1014 3493 bodie
1039 3434 1267 3512 degustantestt

272 3536 339 3574 cum
364 3517 521 3594 gratiarum
546 3519 660 3578 actione
683 3519 882 3598 probavimus.
933 3519 990 3578 Ille
1015 3520 1105 3579 etiam
1130 3541 1232 3582 servus

273 3601 332 3660 Dei
360 3604 537 3663 anachoreta
565 3605 715 3684 professus
746 3615 802 3673 est,
832 3613 865 3663 ut
896 3605 989 3665 relatu
1021 3605 1230 3666 fidissimorum

272 3689 391 3765 agnovi,
406 3690 435 3747 in
450 3710 486 3749 ea
501 3711 579 3770 aqna
594 3712 612 3750 a
627 3691 695 3750 Deo
709 3690 819 3749 donata
833 3693 927 3751 omnis
946 3691 1067 3771 liquoris
1089 3694 1146 3753 sibi
1165 3713 1231 3753 esse

272 3774 456 3835 suavitatem.

304 4045 324 4074 ²²
343 4042 456 4114 Iterum]
492 4048 547 4096 vit.
572 4048 646 4095 Pros.
668 4048 732 4108 Cap.
770 4015 773 4021 ·
804 4044 824 4074 ³³
840 4047 961 4109 Sursum]
1008 4045 1034 4096 A
1055 4049 1182 4112 fountain,
1203 4066 1231 4098 or

270 4129 356 4177 xvnr;
376 4120 429 4166 vit.
444 4119 508 4166 Met.
523 4119 586 4178 Cap.
599 4129 655 4166 xvi.
770 4119 858 4178 spring
872 4118 900 4166 of
910 4124 998 4168 water.
