2850 4890
395 337 443 384 nu
461 336 532 385 sax
552 336 752 385 mrarrnus
769 337 918 386 sucum.
1069 323 1133 388 201

177 518 260 587 tum,
290 511 521 594 incorruptum
549 519 630 595 post
658 512 745 589 baec,
773 513 874 596 quasi
903 513 1022 578 eadem
1050 514 1134 579 hora

176 612 339 690 defuncti,
351 613 451 677 simul
466 633 542 677 cum
555 621 664 691 veste,
675 634 744 696 qua
759 616 946 696 tegebatur,
957 615 1132 680 inventum

176 721 248 794 est;
270 714 359 778 sicut
382 714 416 777 in
442 715 546 779 Libro
568 715 610 779 de
631 717 706 798 ejus
731 715 804 779 vita
826 724 860 781 et
883 717 1076 795 virtutibus,
1099 725 1133 780 et

175 833 280 896 prosa
298 835 405 898 nuper
423 823 458 879 et
480 814 689 881 hexametris
714 816 870 881 versibus
892 817 1031 900 scripto,
1052 826 1133 881 ante

146 934 161 976 5
175 914 307 997 aliquot
323 934 432 978 annos
447 915 515 997 ipsi
530 917 750 998 signavimus

218 1014 375 1079 Tiberius
401 1034 508 1079 annos
534 1033 599 1079 v11.
643 1017 803 1100 Synodus
826 1018 998 1101 Aquileiae
1027 1021 1131 1099 sacta,

174 1115 218 1178 ob
233 1115 437 1197 imperitiam
456 1116 533 1180 fidei
552 1117 710 1200 quintum
728 1119 919 1183 universale
940 1119 1131 1184 Concilium

174 1216 348 1299 suscipere
375 1217 507 1295 diffidit,
533 1219 642 1282 donec
668 1220 878 1284 salutaribus
908 1221 1000 1285 beati
1029 1241 1130 1304 papae

174 1316 285 1398 Sergii
305 1318 443 1382 monitis
463 1318 645 1395 instructa,
663 1321 794 1402 etipsa
813 1321 892 1384 huic
911 1341 988 1385 cum
1009 1321 1131 1385 ceteris

130 1416 303 1482 roChristi
332 1419 487 1484 ecclesiis
518 1420 666 1485 adnuere
696 1424 879 1486 consentit.
939 1421 1131 1505 Gisulphus

173 1519 246 1582 dux
260 1521 371 1600 gentis
386 1520 689 1603 Langobardorum
704 1522 892 1587 Beneventi
904 1522 1130 1605 Campaniam

176 1621 266 1702 igne,
290 1621 404 1702 gladio
426 1630 462 1685 et
484 1622 686 1703 captivitate
709 1623 873 1701 vastavit,
897 1642 1041 1706 cumque
1061 1642 1130 1686 non

174 1729 268 1785 esset
281 1721 340 1804 qui
358 1721 432 1804 ejus
453 1722 595 1805 impetui
613 1722 796 1800 resisteret,
810 1724 1022 1806 apostolicus
1037 1742 1130 1805 papa

174 1822 341 1900 Joannes,
366 1823 426 1907 qui
450 1823 568 1905 Sergio
591 1825 815 1902 successerat,
840 1826 955 1889 missis
981 1826 1024 1889 ad
1051 1845 1129 1889 eum

131 1924 413 1988 rusacerdotibus
444 1943 485 1988 ac
516 1925 667 1987 donariis
695 1925 922 2008 perplurimis,
949 1927 1129 1991 universos

175 2025 317 2089 redemit
331 2025 502 2107 captivos,
516 2033 621 2108 atque
633 2024 748 2088 hostes
761 2027 898 2090 domum
913 2027 1021 2091 redire
1036 2026 1127 2090 fecit.

175 2125 241 2190 Cui
262 2127 429 2190 successit
449 2127 538 2190 alius
559 2125 582 2190 J
585 2144 726 2203 oannes,
741 2127 800 2208 qui
820 2127 907 2191 inter
927 2128 1035 2192 multa
1050 2147 1130 2210 ope-

174 2247 248 2290 rum
267 2226 461 2305 illustrium,
480 2226 562 2291 fecit
580 2228 765 2290 oratorium
788 2236 918 2292 sanctae
939 2228 1005 2292 Dei
1026 2227 1130 2292 Geni-

175 2328 250 2393 trici
266 2347 367 2409 opere
381 2328 609 2410 pulcherrimo
624 2327 716 2392 intra
730 2330 911 2393 ecclesiam
925 2331 1019 2393 beati
1036 2330 1130 2393 Petri

131 2448 163 2493 ao
176 2428 334 2510 apostoli.
368 2428 602 2492 Horeberctus
618 2448 679 2493 rex
690 2429 992 2511 Longobardorum
1003 2430 1130 2494 multas

174 2539 287 2595 cortes
326 2537 361 2593 et
401 2529 608 2611 patrimonia
641 2528 781 2612 Alpium
816 2529 1020 2607 cottiarum,
1052 2549 1130 2613 quae

174 2631 347 2714 quondam
364 2631 408 2695 ad
424 2631 484 2714 jus
498 2629 714 2712 pertinebant
734 2631 934 2712 apostolicae
950 2631 1053 2709 scdiS,
1069 2632 1130 2695 sed

176 2733 442 2815 aLongobardis
455 2733 565 2796 multo
576 2739 727 2813 tempore
741 2732 875 2796 fuerant
890 2731 1018 2809 ablata,
1032 2733 1130 2795 resti-

176 2836 242 2899 tuit
256 2834 326 2918 juri
339 2833 493 2916 ejusdem
510 2834 614 2911 sedis,
629 2841 663 2897 et
677 2833 765 2896 hanc
781 2834 1001 2899 donationem
1017 2833 1130 2896 aureis

131 2955 162 3000 rs
176 2937 341 3018 scriptam
355 2934 462 2998 literis
478 2933 625 2998 Romam
640 2934 777 2998 direxit.

1222 521 1285 563 Auno
1311 560 1313 564 ,

1152 570 1233 612 Mnudl.
1251 572 1335 612 christi.

1152 628 1226 675 4652.
1262 629 1320 674 tol.

1149 1025 1223 1073 4659.
1259 1026 1315 1072 ⁷08.

217 3035 438 3100 Justinianus
454 3035 606 3098 secundo
620 3055 698 3099 cum
710 3034 850 3098 Tiberio
865 3034 935 3099 filio
951 3055 1060 3100 annos
1078 3053 1129 3100 vn
1149 3047 1223 3092 acor.
1260 3047 1317 3091 ⁷14.
1383 3026 1390 3039 '

175 3137 246 3201 Hic
276 3136 407 3201 auxilio
437 3135 587 3199 Tarbelli
617 3136 705 3217 regis
734 3135 962 3217 Vulgarorum
991 3155 1130 3218 regnum

173 3238 352 3320 recipiens,
373 3236 498 3299 occidit
517 3255 577 3299 eos
598 3235 712 3318 quise
731 3235 936 3317 expulerant
956 3236 1131 3318 patricios,

174 3347 210 3402 et
227 3339 388 3415 Leonem,
402 3337 462 3420 qui
476 3336 590 3400 locum
605 3336 679 3418 ejus
694 3345 932 3419 usurpaverat,
948 3356 1081 3401 necnon
1097 3345 1132 3402 et

132 3460 164 3504 ao
176 3457 409 3504 successorem
442 3437 516 3520 ejus
545 3436 732 3514 Tiberium,
762 3437 822 3519 qui
852 3457 929 3500 eum
958 3437 999 3500 de
1028 3457 1132 3519 regno

177 3541 323 3624 ejectum
336 3546 420 3616 toto,
432 3558 501 3622 quo
515 3539 590 3619 ipse
604 3539 780 3620 regnabat,
796 3545 946 3620 tempore
961 3539 997 3601 in
1012 3539 1131 3602 eadem

177 3641 317 3705 civitate
345 3639 381 3702 in
413 3638 573 3703 custodia
605 3645 781 3717 tenuerat3
817 3637 1022 3702 Callinicum
1052 3658 1133 3703 vero

176 3740 419 3824 patriarcham,
435 3740 542 3803 crutis
562 3740 684 3818 oculiS,
697 3740 792 3802 misit
812 3739 971 3816 Romam,
985 3747 1020 3801 et
1040 3738 1134 3802 dedit

178 3844 414 3925 episcopatum
430 3838 532 3923 Cyro,
546 3841 605 3922 qui
625 3847 700 3904 erat
720 3841 828 3903 abbas
848 3840 884 3902 in
904 3839 1028 3915 Ponto,
1042 3858 1133 3902 eum-

134 3963 245 4027 aeque
275 3942 390 4007 alebat
416 3941 580 4005 exsulem.
627 3940 697 4005 Hic
723 3941 985 4005 Constantinum
1008 3958 1134 4022 papam
