2850 4890
340 405 439 451 rrrsr.
458 403 774 452 ranusnarrorrrs
793 404 822 452 s.
840 401 1072 452 ournnnnrr.
1147 386 1212 450 307

251 549 330 608 tibus
345 548 379 607 N
380 549 654 629 orthanhymbranis
669 549 840 608 comitatum
854 547 1079 617 administraret,
1091 548 1212 626 quidam

251 655 350 713 pravae
372 635 496 694 actionis
514 635 568 704 vir,
587 635 702 693 nomine
724 633 961 703 Haldanhamal,
977 635 1015 692 ab
1030 654 1066 692 eo
1080 651 1212 714 compre-

252 721 361 778 hensus
383 719 576 799 compedibus
595 721 759 779 arctissime
780 720 999 796 constringitur.
1044 718 1144 778 Multa
1155 720 1213 779 iste

252 805 331 864 mala
352 805 463 865 fecerat
483 805 578 876 furtis,
601 807 722 885 rapinis,
747 803 913 863 homicidiis
937 812 1027 885 atque
1052 804 1211 872 incendiis;

224 905 239 947 5
255 891 392 948 comitem
408 911 489 969 saepe
503 890 677 960 offenderat,
693 911 748 950 nec
764 909 891 971 unquam
906 890 986 969 prius
1002 889 1213 968 comprehendi

254 985 400 1053 potuerat.
446 976 542 1054 Cujus
562 986 698 1055 parentes
718 986 748 1034 et
764 977 851 1035 amici
869 975 1085 1054 compassionis
1102 976 1213 1035 atl'ectu

252 1063 376 1139 permoti
390 1061 482 1119 multa
496 1082 550 1139 pro
564 1082 612 1130 eo,
628 1082 664 1121 ne
679 1062 777 1140 capite
793 1062 980 1139 plecteretur,
996 1060 1096 1120 comiti
1110 1060 1214 1119 offere·

252 1147 326 1204 bant
348 1154 378 1204 et
398 1147 483 1226 plura
508 1147 727 1226 promittebant.
778 1144 840 1206 Sed
861 1147 931 1224 quia
953 1147 1040 1204 toties
1065 1147 1214 1224 tantisque

252 1231 417 1291 malefactis
430 1252 496 1290 eum
510 1233 685 1300 irritaverat,
697 1231 766 1290 nihil
778 1252 831 1310 pro
845 1233 907 1290 vita
919 1232 1013 1311 ipsius
1024 1252 1056 1290 se
1067 1231 1214 1308 respicere

210 1327 242 1372 ιο
253 1335 382 1394 unquam
394 1315 470 1375 velle
477 1317 599 1395 jurarit.
640 1316 725 1377 Tunc
735 1318 785 1375 ille
794 1317 892 1376 animo
903 1325 1107 1376 consternatus
1118 1316 1214 1375 solum

253 1401 309 1460 sibi
331 1401 484 1478 cogitabat
502 1422 572 1461 esse
587 1401 759 1472 remedium,
774 1402 799 1460 si
816 1401 965 1480 quomodo
982 1402 1107 1462 vinculis
1124 1421 1214 1480 expe·

253 1485 333 1544 ditus
354 1486 394 1545 ad
414 1487 578 1546 beatissimi
598 1488 690 1566 patris
709 1486 863 1546 Cuthberti
884 1489 1092 1546 monasterium
1111 1486 1213 1545 confu-

253 1580 351 1648 geret3
372 1572 400 1629 in
417 1571 521 1630 eadem
537 1574 646 1652 quippe
660 1573 742 1643 villa,
757 1593 817 1652 qua
829 1574 894 1652 ipse
907 1592 1029 1652 corpore
1044 1572 1213 1650 requiescit,

252 1656 309 1715 hoc
323 1665 371 1715 est
385 1658 413 1714 in
430 1656 611 1727 Dunhelmo,
631 1665 702 1717 tune
716 1666 746 1716 et
759 1659 823 1737 ipse
839 1656 1071 1717 custodiebatur.
1115 1656 1213 1716 Adhi-

209 1752 241 1796 15
251 1741 322 1801 bitis
345 1761 416 1820 ergo
435 1744 573 1802 omnibus
594 1744 701 1822 ingenii
723 1764 760 1803 ac
781 1743 884 1802 virium
907 1762 1025 1802 suarum
1046 1743 1214 1818 conatibus,

252 1826 307 1885 sed
334 1825 452 1898 frustra,
479 1848 515 1886 eo
542 1828 624 1907 quod
653 1829 748 1898 timor,
776 1828 828 1906 qui
852 1847 889 1886 ex
917 1835 1068 1908 praecepto
1096 1828 1213 1887 comitis

252 1912 432 1983 imminebat,
453 1914 618 1973 arctissime
637 1922 670 1972 ut
687 1913 894 1984 custodiretur,
912 1912 1054 1973 custodes
1073 1914 1211 1991 urgebat:

251 1998 392 2074 ingemuit
415 2007 445 2056 et
459 2000 524 2075 jam
543 2007 698 2078 torquente
712 1999 903 2068 conscientia,
919 1999 986 2078 plus
1001 1999 1104 2058 animae
1123 2017 1212 2076 quam

180 2149 184 2156 ,
251 2083 383 2162 corporis
401 2082 561 2144 formidans
577 2085 749 2163 periculum,
767 2084 833 2143 Deo
852 2083 991 2143 dilectum
1011 2083 1212 2143 confessorem

209 2179 360 2244 2⁰magna
373 2167 472 2226 cordis
487 2171 661 2228 contritione
677 2170 801 2247 rogavit.
845 2167 964 2228 Interea
979 2168 1050 2227 dum
1069 2169 1211 2228 malorum

251 2272 370 2312 suorum
384 2253 619 2314 emendationem
635 2255 785 2334 promittit,
802 2255 829 2313 si
841 2255 931 2313 modo
947 2253 1097 2323 evaderet,
1114 2255 1212 2312 subito

250 2338 412 2416 compedes
426 2339 541 2398 solutus
557 2341 739 2418 liberumque
758 2339 886 2398 abeundi
904 2340 1003 2398 locum
1020 2346 1120 2417 patere
1140 2358 1211 2396 con-

251 2424 350 2502 spicit.
399 2424 499 2484 Laetus
527 2445 565 2483 ex
592 2426 649 2484 hoc
677 2427 788 2503 itaque,
817 2424 870 2483 sed
895 2423 1044 2503 quomodo
1069 2421 1211 2482 custodes

251 2508 392 2568 evaderet
406 2510 550 2579 solicitus,
565 2530 680 2569 omnem
698 2511 802 2569 salutis
823 2531 885 2570 suae
906 2507 1117 2569 confidentiam
1133 2509 1212 2567 beati

208 2594 344 2672 topatiis
358 2593 512 2654 Cuthberti
525 2596 672 2654 commisit
690 2595 861 2675 patrocinio.
909 2594 981 2654 Nec
999 2613 1092 2664 mora,
1111 2603 1212 2652 custo-

252 2678 339 2738 dibus
356 2679 395 2738 ad
417 2681 476 2739 alia
493 2681 648 2759 occupatis
669 2688 699 2740 et
717 2680 787 2740 nihil
803 2679 862 2739 tale
883 2679 1114 2759 auspicantibus,
1133 2679 1212 2757 lugae

252 2784 319 2823 esse
340 2763 438 2823 locum
464 2766 625 2844 perspexit,
651 2765 811 2846 compedes
836 2765 920 2824 ocius
947 2766 1093 2834 excussit,
1123 2784 1210 2823 cursu

249 2848 435 2927 rapidissimo
446 2853 654 2910 monasterium
664 2851 793 2921 intravit,
805 2850 1008 2930 oppositisque
1021 2851 1094 2909 seris
1099 2852 1211 2929 januas

251 2954 355 2994 omues
369 2936 433 3015 ipse
446 2935 527 2995 solus
539 2935 675 2996 firmavit.
717 2936 800 2996 Casu
814 2937 922 3015 quippe
938 2943 1087 3005 evenerat,
1101 2943 1132 2993 ut
1144 2941 1213 3013 post

209 3033 242 3077 ao
252 3019 386 3080 Primam
401 3023 529 3100 egressis
543 3021 682 3081 fratribus
698 3022 747 3080 ille
767 3023 891 3081 veniens
906 3020 1017 3079 nullum
1035 3022 1116 3078 intus
1130 3021 1211 3079 inve-

252 3106 340 3164 niret.

295 3196 311 3263 §-
322 3195 371 3253 27.
395 3189 445 3248 Re
461 3193 581 3268 cognita
601 3192 675 3250 inter
693 3193 798 3265 milites
818 3192 945 3260 comitis,
964 3209 1032 3248 uam
1054 3190 1164 3268 etipse
1182 3189 1211 3246 in

252 3275 358 3335 eadem
376 3274 447 3334 villa
465 3287 535 3336 tunc
558 3285 630 3345 erat,
646 3278 786 3336 continuo
805 3275 935 3355 quidam,
952 3275 1070 3334 Barwic
1084 3275 1211 3342 nomine,

252 3359 303 3439 qui
317 3380 418 3419 omnes
432 3360 556 3420 incuria
569 3369 716 3440 potestate
732 3362 865 3441 praeibat,
882 3381 975 3440 usque
990 3360 1028 3419 ad
1043 3360 1212 3419 monasterii

209 3460 241 3504 35
246 3448 361 3524 januas
373 3445 456 3504 illum
469 3447 694 3525 insequebatur;
717 3467 792 3526 quas
809 3466 877 3505 cum
892 3447 1057 3515 obseratas,
1072 3445 1212 3523 illu-mque

251 3532 330 3590 intus
345 3551 412 3591 esse
430 3530 566 3603 advertit,
582 3532 692 3611 ingenti
710 3552 780 3591 mox
794 3531 892 3593 furore
912 3538 1089 3600 accensae*
1107 3529 1212 3598 Quid:

295 3854 469 3925 ⁹Respicere]
497 3859 617 3921 Recipere
628 3857 662 3924 (’)
784 3855 804 3885 ³³
819 3849 939 3921 Berroia]
966 3853 1029 3902 This
1047 3854 1069 3900 is
1086 3851 1210 3912 probably

288 3926 307 3957 ¹⁰
323 3929 406 3978 Mum
419 3964 426 3979 .
440 3964 447 3978 .
459 3957 470 3976 ·.
481 3925 629 3996 ramatum]
647 3930 714 3978 Con·
749 3928 791 3977 the
800 3925 946 3976 individua}
954 3923 1045 3972 named
1058 3920 1209 3970 ‘Barowid’

252 3999 359 4060 cerning
378 3999 421 4047 the
434 3999 517 4060 rights
535 4000 564 4047 of
577 4004 714 4060 sanctuary
749 3999 782 4059 by
807 3998 918 4055 Simeon,
940 4007 980 4042 rrr.
1003 3993 1038 4041 xi.
1059 3991 1145 4040 where
1164 3991 1208 4038 the

252 4074 280 4118 at
307 4069 434 4129 Barbam,
456 4083 499 4119 see
530 4068 715 4120 Hutohinson's
736 4062 1209 4117 2factishintedatasdetailad-else-

253 4140 374 4201 history,
386 4139 414 4188 ii.
427 4142 484 4188 227.
736 4137 738 4145 ’
750 4138 833 4187 wltere
845 4141 872 4185 at
884 4133 982 4196 length.
