2850 4890
278 347 322 413 98
564 365 655 413 vrrs
674 364 704 413 s.
720 363 954 425 cunnnnorr,

112 534 146 583 Α.
156 535 254 586 nasa
279 542 398 606 parva,
410 524 475 588 sub
489 524 673 607 praesentia
687 523 833 607 piissimi
850 543 892 588 ac
914 521 991 587 Deo
1009 519 1128 586 dilecti
1145 516 1238 600 regis

112 601 267 692 iiiifdssfm'
280 623 441 708 Ecglridi,
455 627 511 690 cui
525 627 638 692 beatae
653 627 825 691 memoriae
836 625 1037 690 Tbeodorus
1052 621 1240 704 archiepis-

281 746 390 810 copus
412 727 629 811 praesidebat,
650 729 813 793 unanimo
831 727 983 792 omnium
1002 744 1172 790 consensu
1192 721 1239 786 ad

281 829 518 911 episcopatum
537 829 692 895 ecclesiae
715 827 1005 894 Lindisfarnensis
1024 827 1156 891 electus
1174 831 1238 888 est

283 928 462 1009 Quicum,
484 932 602 996 multis
624 931 801 1013 legatariis
822 950 865 995 ac
889 929 997 994 literis
1021 927 1066 992 ad
1088 947 1126 991 se
1149 944 1237 1009 prae-
1265 943 1279 986 a

281 1031 411 1109 missis,
431 1051 651 1114 nequaquam
675 1050 739 1095 suo
758 1031 836 1095 loco
855 1036 975 1114 posset
995 1029 1078 1107 erui,
1097 1027 1238 1092 tandem

280 1151 343 1198 rex
364 1133 439 1217 ipse
458 1133 636 1217 praefatus,
657 1153 727 1198 una
749 1153 827 1196 cum
847 1132 1065 1197 sanctissimo
1083 1128 1239 1194 antistite

281 1233 479 1310 Trumuine,
494 1254 558 1298 nec
572 1254 643 1298 non
654 1241 690 1298 et
701 1233 779 1297 aliis
793 1232 1054 1317 quamplurimis
1068 1229 1239 1314 religiosis

282 1354 324 1399 ac
347 1334 546 1418 potentibus
563 1335 658 1414 viris,
678 1336 722 1401 ad
742 1336 892 1399 insulam
914 1334 1110 1418 navigavit3
1133 1352 1238 1414 genu·

282 1436 426 1502 flectunt
447 1457 575 1515 omnes,
595 1438 756 1522 adjurant
777 1458 837 1522 per
857 1437 1053 1516 Dominum,
1074 1436 1237 1501 lacrimas
1248 1453 1279 1498 ro

281 1536 441 1615 fundunt,
458 1539 650 1616 obsecrant,
670 1539 778 1603 donec
795 1539 908 1622 ipsum
927 1557 1065 1622 quoque
1086 1536 1238 1602 lacrimis

283 1639 420 1722 plenum
440 1639 598 1705 dulcibus
618 1641 803 1706 extrahunt
822 1640 975 1717 latebris,
996 1647 1101 1724 atque
1120 1640 1165 1703 ad
1183 1658 1239 1724 sy-

282 1741 411 1805 nodum
425 1743 636 1825 pertrahunt.
674 1742 753 1822 Quo
768 1744 849 1807 dum
863 1742 1065 1825 perveniret,
1078 1741 1238 1824 quamvis

284 1843 428 1906 multum
450 1844 612 1922 renitens,
632 1846 797 1910 unanima
816 1845 966 1909 omnium
985 1844 1165 1909 voluntate
1182 1862 1240 1908 su·

283 1948 433 2025 peratur,
454 1951 559 2027 atque
580 1944 624 2010 ad
644 1946 900 2029 suscipiendum
924 1944 1147 2029 episcopatus
1169 1942 1280 2010 offi-rs

284 2043 374 2108 cium
399 2045 525 2110 collum
553 2049 752 2114 submittere
777 2046 1012 2131 compellitur;
1037 2066 1101 2110 nec
1122 2055 1239 2111 tamen

286 2147 404 2210 statim
420 2149 603 2229 ordinatio,
617 2151 678 2215 sed
698 2158 839 2235 peracta
852 2151 974 2225 hieme,
990 2168 1068 2231 quae
1085 2147 1240 2213 immine-

284 2248 356 2326 bat,
369 2250 510 2332 expleta
524 2259 589 2316 est,
632 2252 749 2336 Atque
764 2261 804 2316 ut
816 2251 930 2317 verbis
945 2249 1020 2334 ejus
1032 2250 1240 2332 propheticis

285 2367 347 2431 per
366 2352 482 2416 omnia
502 2353 696 2431 satisfieret,
715 2353 895 2436 Ecglridus
916 2359 996 2435 post
1014 2370 1142 2415 annum
1162 2349 1241 2416 Pic-

285 2457 397 2513 torum
418 2453 532 2534 gladio
553 2455 753 2532 trucidatur,
779 2463 816 2519 et
837 2452 1014 2518 Aldsridus
1040 2453 1078 2517 in
1101 2470 1282 2535 regnumne

284 2550 389 2616 frater
414 2553 488 2636 ejus
517 2553 643 2618 nothus
673 2555 904 2633 substituitur,
931 2554 992 2637 qui
1021 2572 1090 2617 non
1118 2554 1240 2636 paucis

287 2659 390 2718 antea
405 2656 614 2738 temporibus
628 2656 664 2720 in
677 2657 872 2738 regionibus
892 2656 1085 2720 Scottorum
1099 2656 1241 2721 lectioni

286 2773 425 2836 operam
445 2756 561 2834 dabat,
574 2758 649 2839 ipse
664 2759 708 2822 ob
728 2777 878 2822 amorem
898 2758 1077 2841 sapientiae
1097 2766 1241 2840 sponta-

286 2876 388 2920 neum
402 2877 529 2942 passus
542 2861 713 2925 exsilium.

323 3146 343 3178 ¹⁷
360 3150 508 3214 Ordinatio]
546 3150 584 3202 At
606 3153 689 3219 Yorlr,
715 3170 746 3203 on
815 3151 835 3182 ¹⁹
849 3156 911 3204 Post
921 3150 1030 3223 aarum]
1054 3155 1098 3206 He
1108 3171 1164 3207 was
1173 3157 1243 3208 slain

286 3221 569 3344 {asgerfvdgs‘Marcb
592 3228 651 3274 686.
698 3226 747 3276 See
779 3226 1039 3290 maganum.
