2850 4890
280 349 324 415 26
565 364 649 412 vrri
674 365 704 412 s.
729 366 950 426 curensem,

283 523 565 606 commissosque
575 543 698 606 greges
708 526 868 607 precibus
880 523 1089 607 monitisque
1101 533 1231 590 tuetur.

282 624 501 708 Pauperibus
519 624 579 707 qui
594 624 703 702 dives,
717 626 817 709 inops
833 627 911 704 sibi,
926 625 1074 689 blandus
1092 628 1232 704 amaris,

283 725 326 788 In
349 725 460 789 turbis
483 724 695 805 monachus;
729 745 841 808 neque
873 727 963 791 enim
989 727 1045 790 vel
1078 727 1233 810 tegmina

439 832 551 902 sueta,

282 921 393 988 Arida
407 926 463 989 vel
478 925 584 989 eremi
597 926 724 988 mutari
741 925 872 988 fercula
886 934 998 991 curat,
1261 933 1276 977 ⁶

281 1024 463 1089 Virtutum
481 1026 593 1089 titulis
611 1033 717 1108 auget
730 1027 899 1089 miracula
912 1027 1050 1104 mentis,

281 1124 371 1204 Quae
387 1126 495 1209 lyrico
510 1126 614 1190 liceat
629 1126 757 1190 cursim
774 1128 974 1210 contingere
990 1128 1136 1212 plectro,

281 1225 337 1290 Ne
354 1228 470 1309 potior
486 1227 588 1291 lassis
603 1234 745 1310 generet
757 1227 899 1291 fastidia
915 1247 1049 1293 versus.

581 1471 746 1538 CAPUT
770 1473 932 1538 XXIII.

288 1650 331 1713 Ut
353 1671 475 1713 uxorem
497 1648 614 1713 comitis
632 1670 693 1731 per
703 1648 917 1733 presbyterum
938 1669 1024 1710 saum
1046 1669 1126 1732 aqua
1144 1649 1276 1713 bene-10

636 1748 720 1811 dicta
735 1749 867 1810 sanavit.

332 1924 483 1987 Docuon
500 1921 629 2005 ubique
644 1923 723 2005 pius
739 1921 896 1986 coelestia
912 1921 1003 1985 dona
1017 1923 1229 2000 ministrans,

280 2024 350 2088 Per
379 2023 515 2087 comitis
544 2023 626 2086 tulit
652 2042 738 2088 arva
765 2022 907 2104 gradus,
934 2042 1037 2105 quem
1064 2023 1230 2105 languida

429 2122 558 2206 conjux

279 2224 460 2288 Tristabat
475 2242 642 2306 perpessa
655 2222 759 2300 luem,
773 2222 912 2305 letoque
929 2223 1177 2306 propinquans.
1243 2239 1273 2284 rs

279 2323 384 2390 Alma
399 2324 588 2388 salutiferae
606 2323 662 2387 eui
678 2324 770 2387 vatis
784 2343 928 2387 munera
940 2323 1091 2407 lymphae

280 2426 490 2508 Presbytero
506 2424 696 2488 famulante
713 2424 820 2501 dedit,
834 2425 1018 2508 tabemque
1033 2425 1199 2504 removit3

280 2526 437 2608 Moxque
452 2525 504 2588 illi
519 2525 723 2608 obsequium
740 2525 918 2608 praebebat
932 2525 1061 2589 femina
1077 2545 1209 2609 sospes.

581 2771 746 2838 CAPUT
770 2770 924 2836 XXIV.

280 2949 433 3024 Quomodo
443 2949 579 3032 puellam
591 2950 756 3011 chrismate
766 2959 947 3032 perunctam
963 2972 983 3012 u
999 2950 1101 3013 dolore
1112 2951 1226 3033 capitis
1239 2968 1272 3013 ab

598 3047 762 3134 laterisque
778 3050 913 3111 curavit.

326 3217 505 3282 'laurona
519 3240 587 3284 non
605 3220 674 3284 alio
688 3220 825 3284 laterali
840 3227 936 3284 taeta
950 3220 1068 3287 dolore

277 3318 389 3401 Virgo
404 3321 635 3402 premebatur,
652 3321 845 3405 capitisque
860 3319 1047 3402 gravedine
1062 3320 1166 3398 fessa,

277 3420 389 3502 AEgra
404 3419 463 3482 diu
479 3422 611 3501 gemuit
625 3442 633 3501 ;
652 3440 751 3485 sacro
763 3440 868 3504 quam
882 3420 1067 3484 chrismate
1081 3423 1225 3485 tinctam

275 3518 435 3584 Antistes
451 3520 607 3586 rediviva
623 3528 730 3586 novat
745 3541 807 3604 per
824 3521 915 3585 dona
932 3516 1068 3585 salutis.
1238 3533 1269 3577 25

309 3795 418 3848 ”Oirur
440 3797 558 3861 ΧΧΙΙΙ.]
585 3798 637 3848 vit.
661 3799 735 3849 Pros.
807 3795 827 3828 ¹⁹
838 3799 924 3848 Carur
941 3799 1054 3863 XXIV.]
1077 3800 1129 3850 vit.
1149 3801 1223 3850 Pros.

274 3868 339 3932 Cap.
352 3882 428 3918 xxix.
772 3870 836 3932 Cap.
848 3883 913 3920 xxx.
