2850 4890
531 353 700 401 Androna
723 354 805 402 vnu.
828 356 933 405 naon.
1184 345 1206 407 7

257 510 419 594 Quinque
436 510 532 574 fuere
548 518 654 588 rates,
671 511 793 595 rapido
808 533 886 595 quae
903 515 1042 597 gurgite
1058 525 1192 582 cunctae

256 611 388 677 Oceani
405 631 529 676 canum
544 632 663 695 pronae
680 613 844 678 labuntur
860 615 896 679 in
914 635 1041 699 aequor.

254 713 278 776 J
281 732 405 795 amque
419 714 528 778 oculis
539 714 716 779 abstracta
726 716 857 798 procul,
867 717 963 781 volut
979 718 1088 800 aliger
1101 718 1202 784 undis

256 813 438 896 Mergulus
454 815 602 891 innaret,
617 823 718 898 paret
734 836 797 899 per
812 817 941 881 caerula
957 820 1096 902 puppis,

226 926 241 971 s
256 915 443 997 Egreditur
458 915 612 980 fraterna
629 916 765 994 echone,
780 924 815 982 et
832 918 964 1001 poplite
981 919 1073 983 flexo

254 1015 402 1080 AEthera
419 1016 623 1100 suspiciunt,
641 1017 752 1081 vitam
766 1037 955 1101 pacemque
970 1027 1162 1103 precantes.

255 1116 421 1181 Servatur
437 1116 498 1180 sed
515 1124 551 1181 et
567 1116 643 1181 haec
658 1137 766 1201 puero
784 1119 931 1185 victoria
947 1120 1049 1199 lecto,

255 1216 325 1296 Qui
341 1225 415 1281 tum
432 1217 522 1282 forte
537 1217 616 1281 aliae
624 1218 699 1302 jam
714 1219 832 1284 stabat
845 1221 882 1284 in
899 1222 996 1286 obice
1013 1223 1111 1306 ripae,

253 1317 391 1400 Vulgus
424 1325 460 1382 et
492 1319 708 1383 innumerum
741 1320 951 1404 grandisque
984 1331 1126 1388 caterva
1155 1323 1203 1386 ri·

211 1434 242 1478 ro
403 1418 565 1499 dentum;

252 1517 412 1607 (Gaudia
428 1538 508 1582 nam
517 1519 673 1603 reprobis
684 1527 766 1584 sunt
776 1520 892 1585 tristia
900 1521 975 1586 fata
984 1521 1201 1610 proborum,)

254 1620 420 1699 ‘Noxia’
438 1621 499 1702 qui
515 1619 618 1697 dixit,
636 1620 852 1703 ‘linquamus
870 1622 1009 1704 gaudia,
1024 1623 1161 1702 fratres

254 1719 508 1798 Gondoleamus
518 1721 628 1798 ethis,
641 1740 728 1804 quos
738 1722 883 1786 verbera
891 1731 1019 1788 moesta
1029 1723 1180 1807 fatigant
1191 1746 1200 1807 3

253 1821 322 1886 Vel
332 1823 522 1886 Dominum
539 1823 668 1906 potius,
682 1823 743 1904 qui
759 1822 869 1887 flabra
884 1825 1016 1889 creavit
1031 1832 1066 1890 et
1077 1826 1201 1908 undas,

209 1940 240 1985 15
255 1922 414 2001 OremUS,
427 1922 590 2005 dignetur
606 1923 673 1986 iter
689 1921 818 1987 donare
835 1923 959 1989 salutis
971 1925 992 2005 ;'

253 2023 403 2088 Rustica
419 2024 480 2088 sed
493 2023 601 2107 justis
618 2022 779 2087 dissentit
795 2026 898 2089 turba
913 2025 1077 2091 suadelis.

253 2124 320 2189 Ille
337 2144 428 2207 genu
445 2124 537 2188 flexo
555 2123 654 2188 vultu
670 2142 754 2186 mox
770 2133 945 2207 presserat
961 2145 1068 2207 arva3

253 2225 438 2289 Mutantur
454 2225 561 2310 uenti,
579 2225 780 2306 ratibusque
796 2224 833 2287 in
850 2225 969 2290 littora
981 2226 1100 2309 jactis

255 2327 402 2390 Erubuit
417 2326 536 2389 laetum
552 2325 629 2389 viso
646 2344 709 2409 pro
727 2325 866 2389 numine
882 2326 1021 2409 vulguS,

209 2447 241 2493 uo
255 2426 505 2509 Glorificatque
524 2425 650 2502 Deum,
666 2424 782 2489 firmat
798 2427 858 2508 qui
873 2434 956 2492 vota
969 2447 1122 2495 suorum.

599 2672 765 2738 CAPUT
794 2672 862 2738 IV.

256 2852 408 2926 Quomodo
423 2874 489 2915 cum
501 2851 684 2935 pastoribus
694 2851 817 2934 positas
833 2847 965 2912 animam
980 2848 1203 2913 sonctirlidoni
1225 2858 1228 2863 ’

340 2954 476 3038 episcopi
489 2952 530 3014 od
544 2949 652 3015 coelum
658 2949 750 3037 ferri
766 2950 804 3013 ab
820 2949 940 3035 angelis
955 2949 1118 3034 aspexerit.

303 3124 396 3190 Hac
413 3126 504 3190 inter
520 3131 659 3190 teneros
676 3124 767 3216 laetis
784 3123 866 3188 dum
884 3124 1029 3190 collibus
1046 3144 1156 3208 agnos

208 3241 239 3288 25
254 3225 431 3304 Pasceret,
449 3246 540 3303 ecce,
557 3226 644 3308 vigil
660 3226 837 3290 nocturnis
851 3227 961 3290 cernit
978 3226 1014 3291 in
1031 3225 1168 3310 hymnis

255 3328 365 3412 Ignea
378 3328 522 3392 sidereis
537 3327 728 3408 fulgescere
745 3333 860 3392 castra
876 3327 1050 3410 maniplis

254 3428 372 3512 Atque
387 3429 478 3511 polis
493 3434 651 3492 sanctam
668 3428 782 3491 rutilae
798 3447 860 3510 per
874 3427 1003 3510 gaudia
1019 3448 1155 3511 pompae

255 3530 360 3594 Ferre
377 3531 549 3610 animam3
577 3528 761 3611 sociisque,
783 3547 889 3612 sopor
907 3548 995 3611 quos
1014 3535 1201 3613 presserat,

404 3631 501 3710 infit;

209 3748 241 3795 ao
254 3735 265 3764 ‘
276 3729 370 3808 Han,
388 3731 517 3808 miseri,
525 3730 620 3794 lento
636 3730 824 3814 premimur
841 3729 900 3812 qui
915 3735 1058 3811 pectora
1068 3748 1201 3808 somno,

255 3830 404 3896 Cernere
421 3851 485 3897 nec
501 3832 645 3913 vigilum
662 3831 820 3896 coelestia
835 3829 928 3895 sacta
944 3831 1136 3895 meremur!

289 4139 310 4173 ¹⁸
320 4140 424 4205 dantia]
442 4142 523 4204 Latis,
536 4143 566 4192 G.
723 4137 728 4209 Ι
754 4139 772 4172 ²¹
783 4141 937 4205 OrrurIV.]
949 4141 1001 4191 vit.
1012 4142 1203 4204 Pros.Cnp.1v.
