2850 4890
272 350 702 399 nrsr.nnnusnnnrou1s
719 352 748 400 s.
767 351 1001 399 cornarani.
1076 336 1140 401 311

183 495 239 555 luit
264 495 395 554 mirabile
419 494 499 574 quod
524 493 632 554 fluctus
654 495 756 553 marini
778 493 978 573 praecedentes
1000 495 1140 555 continuo

183 591 387 660 sequerentur,
409 581 504 639 itaut
526 600 581 639 nec
603 581 744 659 paulatim
766 581 902 638 euntibus
921 589 1140 660 praecurrerent,

183 685 240 725 uec
258 667 374 726 concite
388 666 595 746 peragentibus
611 665 720 725 diutius
735 675 934 734 remanerent;
959 664 1036 726 sicut
1050 675 1141 725 attes-

183 752 237 810 tati
252 759 321 810 sunt
333 752 385 831 qui
399 760 469 811 tunc
484 751 620 810 feretrum
635 751 673 810 ibi
686 752 852 830 portabant.
898 751 1032 810 Instante
1043 759 1141 810 autem

154 853 169 896 ὅ
185 835 433 915 Quadragesima,
444 835 559 896 reddita
572 836 792 915 tranquillitate,
807 855 923 895 sacrum
936 856 1043 916 corpus
1057 836 1141 895 Dun-

182 922 311 981 belmum
330 931 522 1002 reportarunt,
543 932 573 981 et
594 922 785 981 reconciliata
808 920 978 980 sollenniter
1001 923 1140 992 ecclesia,

183 1017 293 1067 octavo
307 1007 451 1068 kalendas
466 1006 582 1088 Aprilis
597 1026 651 1066 suo
665 1007 733 1067 loco
747 1014 948 1086 reposuerunt.

473 1344 628 1404 CAPUT
649 1345 846 1406 SEXTUM.

183 1521 260 1589 §32
283 1514 327 1573 IN
349 1515 420 1593 fuga
442 1525 614 1586 memorata,
638 1517 758 1595 quidam
786 1517 863 1574 ultra
886 1534 1001 1574 amnem
1024 1514 1141 1594 Tynam
1161 1533 1298 1594 aunisimau

141 1619 172 1663 ιο
184 1610 362 1680 praepoteus,
386 1601 629 1672 Gillo-Michael,
651 1601 682 1660 id
707 1611 763 1672 est,
787 1601 870 1661 Puer
896 1601 1064 1671 Michaelis,
1088 1621 1141 1680 per
1160 1584 1259 1675 ἵξξζέζῖ

183 1687 361 1745 contrarium
379 1688 555 1766 appellatus,
572 1707 640 1746 cum
660 1689 767 1746 rectius
782 1686 867 1746 Puer
888 1685 1009 1745 Diaboli
1028 1705 1139 1744 nunco-

183 1784 312 1852 paretur,
326 1770 435 1831 multas
450 1772 630 1850 fugientibus
644 1774 764 1850 injurias
784 1772 933 1850 irrogavit,
951 1772 1005 1830 iter
1025 1771 1140 1829 illorum

183 1857 356 1936 impediens.
370 1857 452 1937 ipsos
471 1857 615 1936 affligens,
629 1858 745 1937 praedas
758 1877 795 1916 ex
813 1857 856 1916 eis
878 1877 980 1934 agens,
999 1863 1030 1914 et
1044 1855 1139 1934 quod·

184 1962 310 2022 cumque
329 1950 445 2022 poterat
463 1942 531 2002 mali
549 1943 678 2012 laciens3
702 1943 756 2002 sed
775 1963 833 2001 non
853 1943 980 2021 impune.
1025 1941 1139 2000 Locato

141 2045 171 2088 15
184 2029 260 2086 enim
275 2030 303 2086 in
320 2029 418 2086 insula
436 2039 539 2088 sancto
553 2048 686 2109 corpore,
701 2029 822 2107 quidam
839 2048 877 2086 ex
896 2028 975 2086 clero
990 2036 1139 2106 provectae

185 2114 281 2174 aetatis
310 2115 347 2172 ab
375 2115 517 2193 episcopo
545 2113 663 2173 domum
693 2115 902 2182 remittebatur,
938 2112 1141 2191 exploraturus

184 2197 334 2277 quomodo
357 2199 437 2258 circa
462 2199 662 2258 Dunbelmum
683 2207 713 2258 et
735 2199 893 2258 ecclesiam
908 2197 989 2256 illam
1011 2217 1077 2256 sese
1094 2217 1140 2256 res

183 2285 314 2343 haberet.
357 2283 426 2343 Jam
448 2284 659 2363 aliquantulum
682 2285 738 2343 viae
758 2291 911 2362 perageret
930 2302 1009 2351 cum,
1027 2283 1140 2340 incum-

184 2370 272 2428 bente
302 2379 401 2439 nocte,
433 2370 597 2448 paullulum
625 2371 654 2428 in
681 2368 778 2428 medio
810 2388 915 2446 campo
940 2367 1141 2446 requiescens,

140 2471 172 2515 aa
183 2454 372 2524 obdormivit,
386 2463 416 2513 et
427 2455 611 2514 manifestam
623 2455 660 2514 de
673 2454 788 2534 praefati
800 2454 854 2514 viri
868 2453 984 2511 interitu
998 2452 1141 2512 visionem

184 2541 269 2611 vidit,
293 2560 382 2619 quam
411 2542 489 2599 sicut
512 2561 550 2599 ex
575 2540 654 2599 illius
678 2541 775 2599 verbis
799 2538 964 2618 frequenter
987 2537 1143 2597 audierunt

183 2627 309 2706 plurimi,
323 2627 372 2684 hic
385 2645 423 2684 ex
438 2626 538 2684 ordine
551 2625 736 2685 scribendam
745 2624 890 2703 judicavi.

228 2717 305 2786 §33.
338 2710 503 2781 ‘Ductus,’
526 2713 629 2791 iuquit,
653 2710 888 2780 ‘Dunbelmum
913 2716 947 2767 ut
970 2707 1039 2767 mihi
1059 2705 1141 2766 vide·

183 2798 280 2866 batur,
296 2797 324 2855 in
340 2796 471 2855 ecclesia
484 2796 651 2865 adstabam,
666 2798 716 2855 ubi
731 2796 806 2855 duos
822 2814 943 2854 summae
958 2792 1140 2852 auctoritatis

140 2901 172 2944 25
183 2884 261 2943 viros
285 2891 352 2941 ante
371 2882 474 2952 altare,
494 2884 588 2943 versis
611 2883 649 2940 ad
674 2881 815 2940 orientem
835 2880 977 2949 vultibus,
1001 2878 1140 2938 assistere

184 2967 256 3028 vidi.
299 2968 386 3026 Alter
408 2969 504 3027 aetatis
524 2967 628 3027 mediae
646 2967 701 3036 vir,
719 2965 939 3045 episcopalibus
959 2963 1141 3024 vestimentis

185 3054 353 3113 sollenniter
374 3052 505 3123 indutus,
531 3053 632 3112 habitu
654 3050 822 3112 venerando
845 3058 876 3109 et
897 3049 979 3110 vultu
1000 3048 1141 3118 horribili,

185 3159 299 3217 magnae
326 3140 496 3199 reverentiae
525 3138 694 3218 pontificem
721 3158 754 3196 se
783 3135 972 3196 monstrabat.
1014 3132 1103 3192 Alter
1124 3153 1143 3191 a

185 3225 297 3283 dextris
322 3228 386 3303 ejus
415 3225 567 3295 assistens,
596 3223 750 3283 rubicundi
775 3223 882 3281 c'oloris
907 3221 996 3300 pallio
1019 3220 1143 3279 circum-

141 3327 173 3370 aa
185 3311 322 3380 amictus,
337 3310 414 3369 facie
428 3310 590 3389 paullulum
606 3309 764 3388 producta,
776 3309 868 3366 barba
878 3305 1038 3365 admodum
1052 3305 1143 3373 tenui,

184 3404 298 3455 statura
310 3414 444 3477 procera,
458 3395 622 3474 pulcerrimi
631 3395 751 3473 juvenis
765 3393 889 3453 formam
901 3392 1032 3469 gerebat.
1065 3389 1146 3449 Post

185 3481 306 3561 aliquod
325 3480 510 3540 intervallum
527 3481 666 3560 temporis
685 3480 869 3540 reflectentes
885 3478 924 3537 ad
939 3476 1024 3538 altari
1039 3475 1144 3534 oculos

227 3804 454 3869 'Strotalpril-is]
474 3804 646 3866 81dnsApri-
724 3801 782 3853 ”ln
799 3801 883 3866 sagn]
919 3803 945 3851 S.
964 3801 1084 3850 Dunelm.
1106 3814 1146 3849 ιιι.

185 3879 229 3936 lis,
251 3879 277 3926 S.
295 3877 417 3926 Dunelm,
439 3889 479 3926 111.
497 3891 541 3924 xv·
578 3876 648 3924 Here
683 3876 735 3922 xvi.

184 3949 262 4009 again
276 3947 319 3996 the
333 3946 404 3996 Hist.
416 3947 515 4007 Regum
529 3950 649 4007 supporta
716 3941 735 3970 ²¹
751 3942 887 3993 Audierrrnt
897 3935 1017 4010 plurimi]
1034 3940 1146 3990 Audivi-

184 4018 228 4067 the
242 4018 398 4079 chronology
412 4015 494 4066 oltbe
509 4020 572 4065 text,
683 4027 749 4063 mus.
786 4014 813 4062 S.
828 4012 949 4062 Dunelm.

717 4080 737 4113 ²³
757 4081 899 4144 Harribr'li]
917 4080 1148 4144 Venerabili‚S.D.
