2850 4890
615 372 828 422 nrrnunrx.
1136 358 1201 427 253

246 527 345 580 rentes
360 520 531 587 monachos,
545 521 616 599 quia
628 519 738 579 mundo
754 520 858 579 mortui
873 527 941 579 sunt
956 529 986 580 et
1001 520 1070 579 Deo
1088 522 1202 593 vivunt,

248 605 441 664 sacerdotalis
459 603 547 663 officii
566 605 698 684 potentia
715 604 861 683 indignos,
877 625 973 683 neque
991 607 1201 684 poeniteutiam,

245 710 344 770 neque
362 690 611 749 christianitatem
631 690 739 767 largiri,
755 711 850 769 neque
868 691 1023 749 absolvere
1040 711 1130 769 posse
1150 712 1203 770 per

249 775 428 835 sacerdotali
451 773 548 833 officio
572 775 710 833 divinitus
737 776 897 853 injunctam
925 783 1118 854 potestatem3
1149 777 1202 835 sed

219 861 367 920 somnino
386 861 531 920 labuntur.
574 859 658 918 Nam
676 860 701 918 si
724 880 761 919 ex
782 861 838 918 hac
859 880 952 919 eausa
972 868 1086 919 veteres
1106 861 1204 919 aemuli

248 966 319 1005 vera
342 945 546 1024 praedicarent,
568 944 742 1022 apostolicae
766 964 887 1023 compar
910 943 990 1003 sedis
1015 945 1202 1005 beatissimus

250 1031 412 1107 Gregorius
421 1029 595 1088 monachico
606 1029 686 1088 cultu
698 1029 823 1107 pollens,
835 1030 874 1088 ad
883 1049 1028 1088 summum
1039 1031 1204 1089 nullatenus

249 1116 362 1194 apicem
374 1113 594 1173 conscenderet.
636 1114 784 1179 Quoniam
796 1114 914 1193 quidem
925 1115 990 1173 haec
1001 1116 1129 1173 ostiatim
1139 1115 1205 1173 fun-

250 1199 349 1277 gendi,
368 1199 489 1276 ligandi,
504 1197 697 1276 solvendique
715 1207 849 1277 potestas
871 1218 888 1257 a
907 1199 975 1257 Deo
997 1220 1111 1258 summa
1133 1221 1204 1259 con-

206 1293 238 1338 10
250 1285 374 1344 ceditur.
404 1283 592 1360 Augustinus
603 1302 721 1361 quoque
731 1283 863 1360 ejusdem
875 1283 1054 1348 sanctissimi
1068 1284 1205 1362 Gregorii

250 1369 415 1448 discipulus
424 1368 590 1444 Anglorum
602 1367 779 1445 praedicator
787 1369 934 1445 egregius,
943 1388 979 1426 ac
988 1368 1205 1429 Pannoniensis

252 1453 400 1513 Martinus
413 1452 612 1523 beatissimuS,
624 1454 709 1529 cujus
721 1453 884 1511 sanctitatis
895 1451 975 1511 sama
987 1453 1073 1532 longe
1088 1455 1206 1533 lateque

252 1538 363 1597 diffusa
381 1545 459 1596 totus
482 1545 620 1616 personat
640 1535 776 1606 mundus,
800 1537 849 1596 alii
868 1558 986 1616 quoque
1001 1540 1066 1615 jam
1090 1540 1206 1618 plurimi

252 1623 431 1683 sanctissimi
459 1622 672 1700 pretiosissimo
695 1622 906 1681 monachorum
933 1623 1034 1681 habitu
1060 1623 1207 1701 fulgentes

210 1716 241 1761 15
252 1727 439 1787 nequaquam
457 1707 565 1765 annulo
582 1705 744 1785 pontificali
759 1709 974 1778 subararentur,
997 1709 1032 1776 si,
1052 1711 1121 1786 quia
1143 1730 1206 1768 mo-

253 1794 341 1853 nachi
360 1792 487 1861 fuerunt,
501 1791 651 1870 praedictis
672 1792 713 1850 uti
733 1793 961 1870 prohiberentur.
1005 1791 1117 1870 Neque
1132 1795 1208 1853 enim

254 1878 437 1938 Benedictus
448 1878 658 1936 monachorum
669 1886 834 1956 praeceptor
847 1876 992 1935 almificus
1003 1878 1210 1956 hujuscemodi

254 1965 295 2023 rei
306 1965 407 2042 aliquo
418 1963 506 2021 modo
519 1962 574 2021 fuit
586 1961 771 2030 interdictor;
793 1962 846 2021 sed
861 1983 914 2021 eos
929 1963 1103 2022 secularium
1118 1985 1207 2042 nego-

190 2107 192 2111 ,
254 2050 360 2107 tiorum
380 2048 474 2107 edixit
494 2056 631 2126 expertes
652 2047 715 2105 fore
738 2047 933 2106 solummodo.
979 2048 1071 2113 Quod
1089 2050 1208 2128 quidem

211 2141 243 2185 20
255 2133 429 2214 apostolicis
448 2132 632 2192 documentis
653 2140 683 2190 et
701 2133 828 2190 omnium
844 2141 1011 2192 sanctorum
1030 2143 1144 2212 patrum
1165 2135 1208 2193 in-

256 2219 378 2288 stitutis,
387 2239 444 2277 uon
457 2219 552 2277 solum
560 2217 724 2287 monachis,
734 2237 834 2276 verum
845 2218 932 2276 etiam
944 2219 1105 2289 canonicis,
1117 2221 1210 2278 maxi-

256 2323 374 2384 mopere
394 2304 562 2381 imperatur.
609 2301 735 2361 ‘Nemo
756 2303 832 2360 enim
851 2303 977 2360 militans
993 2302 1061 2361 Deo
1079 2305 1211 2383 implicat

257 2410 290 2448 se
298 2389 423 2465 negotiis
431 2387 633 2447 secularibus!
654 2387 795 2465 Utrisque
804 2387 892 2446 etiam
900 2386 1209 2468 praelatorumpatrum

256 2474 400 2553 exemplis
418 2473 638 2552 perspicacibus
654 2473 764 2530 circum
782 2492 912 2551 quoque,
931 2480 963 2532 ut
981 2472 1090 2532 mundo
1105 2475 1209 2533 mortui

213 2566 244 2611 2⁵
257 2561 325 2628 sint,
350 2557 571 2617 evidentissima
591 2557 704 2614 ratione
725 2558 903 2637 praecipitur.
944 2556 1105 2617 'lautorum
1126 2559 1211 2636 igitur

255 2653 371 2724 patrum
399 2643 523 2701 instituti
545 2641 699 2720 exemplis,
727 2642 834 2720 quibus
858 2641 1139 2720 periculosissimum
1164 2652 1211 2702 est

256 2728 407 2805 refragari,
415 2727 561 2786 credimus
570 2747 589 2785 a
599 2726 802 2785 sacerdotibus
811 2727 963 2785 monachis
974 2726 1084 2803 ligandi
1093 2727 1209 2786 solven-

257 2813 346 2892 dique
358 2811 497 2880 0fficium,
510 2811 577 2871 Deo
591 2813 761 2890 imperante,
777 2811 856 2869 haud
872 2811 988 2889 indigne
1006 2811 1211 2882 administrari,

259 2899 284 2957 si
292 2919 344 2956 eos
356 2897 444 2973 digne
455 2897 610 2973 contigerit
619 2895 658 2954 ad
669 2896 726 2955 hoc
733 2895 920 2954 ministerium
932 2896 1090 2955 sublimari.
1119 2896 1212 2962 Quod

215 2992 247 3036 3⁰
257 2984 460 3043 incunctanter
467 2981 740 3060 affirmat,quisquis
751 2988 858 3039 statum
870 2982 1079 3040 monachorum
1090 2990 1121 3040 et
1131 2982 1212 3041 habi-

259 3078 321 3128 tum
338 3074 580 3146 potentatumque
596 3065 747 3124 evidenter
767 3065 943 3124 considerat.
986 3066 1080 3125 Verbi
1099 3068 1212 3144 gratia:

261 3153 398 3230 Angelus
410 3151 528 3221 Graece,
539 3151 642 3210 Latine
653 3150 777 3209 nuncius
787 3150 903 3210 dieitur.
939 3149 1115 3210 Sacerdotes
1126 3153 1214 3230 igitur

259 3237 397 3296 monachi
412 3244 501 3315 atque
516 3234 661 3305 canonici,
672 3234 723 3314 qui
734 3235 865 3312 quotidie
876 3245 980 3294 saneta
992 3235 1050 3293 Dei
1063 3246 1215 3316 praecepta

262 3322 448 3391 annunciant,
463 3320 559 3398 angeli
573 3331 728 3389 vocantur,
743 3320 853 3379 ratione
868 3341 924 3378 non
941 3322 1110 3398 incongrua.
1153 3322 1215 3382 Sed

217 3421 248 3464 35
260 3407 462 3485 unusquisque
478 3405 629 3483 angelicus
648 3405 721 3464 ordo
738 3412 848 3484 quanto
867 3405 1001 3465 claritate
1017 3406 1075 3464 Dei
1089 3407 1214 3467 vicinius

260 3492 485 3570 contemplatur,
500 3498 582 3550 tanto
597 3489 738 3568 dignitate
754 3491 905 3549 sublimior
919 3489 1086 3550 affirmatur.
1130 3491 1215 3551 Nam

262 3579 305 3635 uti
323 3576 495 3647 Cherubim,
517 3575 654 3634 monachi
673 3595 726 3634 sex
744 3575 800 3633 alis
818 3576 960 3635 velantur.
1004 3575 1081 3634 Duae
1096 3577 1220 3654 quidem·

263 3833 329 3880 duce
346 3846 376 3880 as
391 3831 550 3890 illustrating
567 3831 610 3878 the
621 3831 725 3879 ecclesi·
758 3831 838 3890 merly
845 3831 982 3890 belonging
990 3833 1016 3878 to
1024 3829 1108 3878 Claud
1116 3830 1218 3891 Hardy,
1270 3826 1277 3834 ”

264 3902 355 3950 astical
368 3901 465 3962 history
478 3901 507 3948 of
514 3901 644 3960 England.
663 3901 726 3947 Two
759 3900 905 3948 senatores
921 3899 1007 3948 Paris.
1044 3901 1092 3948 See
1109 3901 1218 3948 Labbe's

264 3972 378 4018 versione
388 3985 431 4018 are
444 3971 528 4030 given,
541 3969 585 4018 the
597 3970 651 4017 first
662 3969 727 4016 from
760 3970 887 4029 concilia,
916 3983 939 4017 v.
962 3971 1036 4028 1617,
1064 3969 1126 4018 edit.
1153 3971 1216 4021 Par.

266 4040 309 4089 the
331 4041 466 4089 collection
495 4040 524 4087 os
545 4039 677 4100 Holstein‚
700 4054 726 4099 p.
761 4043 835 4088 1671.

265 4115 324 4174 242,
336 4109 379 4160 the
392 4109 485 4159 second
497 4109 561 4158 from
578 4123 594 4158 a
609 4109 666 4158 MS.
677 4107 728 4157 for·
796 4106 816 4136 ²²
834 4101 932 4173 Nemo]
960 4107 1054 4156 enim.
1067 4108 1095 4155 ii.
1108 4111 1132 4156 4.
