2850 4890
61 528 202 579 A.D.87a

62 1117 207 1168 A.D.87&

62 1185 94 1224 St.
105 1184 205 1226 Gutbbert

61 1243 181 1328 butt

235 349 300 415 286
607 364 818 414 nrrsnnrx.

238 513 369 572 bestialis
393 512 444 572 illa
468 511 627 572 crudelitas
652 513 751 573 satiari
775 513 881 594 potuit,
901 513 957 572 nisi
981 532 1085 573 omnes
1108 513 1195 574 etiam

237 600 309 677 regii
330 600 455 676 generis,
471 619 522 678 per·
535 619 612 678 quos
634 619 696 658 suae
716 598 819 658 ditioni
836 598 957 677 aliquod
976 600 1102 658 timebat
1120 602 1194 680 peri·

238 684 348 755 culum,
364 685 549 762 extingueret
558 704 566 752 ;
589 685 730 763 solusque
745 705 782 743 ex
797 685 875 744 omni
888 685 969 763 regio
985 686 1096 744 semine
1113 694 1195 766 pater

237 771 321 849 primi
349 769 523 829 Eaduuardi
550 771 628 848 regis
663 769 804 829 Ellredus
836 771 886 829 vix
919 769 1074 848 effugeret.
1131 770 1193 829 Hic

237 856 357 934 quippe,
379 875 415 914 ne
434 856 521 915 simili
544 855 719 935 plecteretur
742 857 898 925 sententia,
920 864 992 927 tres,
1014 857 1125 935 quibus
1145 857 1194 916 illa
1218 872 1231 914 t

237 941 414 1000 debacchari
438 943 580 1019 permissa
602 951 650 1000 est
669 941 833 1013 barbaries,
854 961 958 1012 annos,
979 943 1110 1001 maxima
1127 961 1194 1000 cum

236 1027 356 1105 penuria
369 1028 398 1085 iu
414 1026 682 1104 Glestingiensibus
697 1026 823 1087 latitavit
836 1026 1004 1105 paludibus.

279 1118 335 1186 §2
358 1111 418 1172 Sed
434 1111 493 1172 Dei
508 1113 663 1171 clementia
679 1112 863 1172 barbaricam
882 1112 964 1171 illam
983 1113 1195 1172 immanitatem

236 1217 303 1258 cum
318 1201 384 1276 jam
403 1217 520 1257 cessare
535 1199 622 1257 solita
636 1199 822 1258 miseratione
842 1216 897 1257 sua
913 1197 1110 1268 decrevisset,
1125 1217 1195 1257 con·

236 1284 302 1361 tigit
317 1282 453 1342 eumdem
467 1283 630 1356 Elfredurn,
646 1285 752 1344 ceteris
772 1285 906 1343 omnibus
922 1285 1072 1362 piscatum
1085 1284 1194 1354 missis,
1204 1299 1232 1343 ιο

237 1369 332 1429 solum
353 1389 421 1428 eum
441 1369 507 1429 sola
525 1371 662 1448 conjuge,
678 1389 796 1448 unoque
810 1369 943 1428 familiari
963 1369 1095 1428 ministro
1116 1369 1195 1429 domi

237 1455 361 1514 sedisse.
406 1453 516 1514 Adfuit
534 1456 646 1513 interim
662 1456 815 1534 peregrino
835 1455 936 1514 babitu
951 1455 1073 1534 quidam
1088 1456 1196 1514 obnixe

236 1540 454 1620 eleemosynam
478 1541 651 1620 postulans;
681 1542 729 1600 cui
750 1560 820 1599 mox
844 1540 909 1621 ipse
929 1541 1013 1600 vultu
1038 1541 1195 1620 animoque

236 1626 405 1686 laetissimus
429 1627 491 1686 sine
516 1646 597 1686 mora
620 1627 719 1685 cibum
741 1625 805 1685 dari
826 1626 975 1705 praecepit.
1017 1625 1158 1705 Cumque
1177 1645 1195 1685 a

235 1712 368 1772 ministro
391 1711 535 1782 audisset,
557 1712 627 1771 nibil
650 1711 689 1770 ad
713 1711 847 1771 diurnum
868 1712 979 1771 victum
1000 1712 1190 1783 remansisse,
1205 1725 1231 1770 lt

236 1806 341 1876 praeter
355 1818 459 1878 panem
473 1818 562 1857 unum
577 1807 607 1856 et
620 1797 769 1857 modicum
781 1797 850 1867 vini,
861 1796 955 1857 laetior
966 1817 1004 1856 ex
1014 1797 1073 1856 boc
1083 1796 1193 1868 iactus,

237 1883 352 1954 ‘De0,'
367 1885 471 1963 inquit,
491 1891 500 1917 ‘
516 1883 636 1962 gratias,
654 1883 705 1963 qui
725 1903 771 1941 me
791 1903 948 1962 pauperem
968 1902 1067 1952 suurn,
1086 1891 1194 1942 ettam

236 1967 325 2046 longe
354 1989 372 2028 a
397 1971 544 2028 communi
565 1969 713 2029 hominum
739 1971 904 2047 sejunctum
927 1988 980 2047 per
1003 1969 1084 2027 hunc
1108 1989 1195 2028 suum

236 2074 354 2132 quoque
368 2075 524 2133 pauperem
539 2055 658 2114 visitare
672 2053 827 2132 dignatur?
858 2053 899 2113 Et
912 2053 978 2112 haec
992 2053 1109 2124 dicens,
1125 2054 1194 2112 utri·

237 2159 331 2218 usque
359 2139 547 2199 medietatem
575 2140 686 2219 erogari
713 2140 802 2218 jubet
828 2138 966 2210 hilariter,
996 2140 1232 2218 apostolicumtt

135 2290 141 2303 '
234 2224 308 2284 illud
333 2246 421 2305 opere
442 2226 605 2306 complens,
630 2225 794 2284 ‘Hilarem
812 2224 943 2284 datorem
966 2224 1064 2304 diligit
1088 2225 1196 2286 Deus?

237 2309 310 2377 Quo
343 2311 404 2382 ille,
432 2313 483 2391 qui
510 2333 621 2392 pauper
648 2310 813 2381 videbatur,
842 2320 979 2390 accepto,
1009 2319 1017 2344 ‘
1042 2310 1195 2383 Domino,'

236 2397 340 2476 inquit,
365 2405 441 2457 ‘tuo
465 2417 518 2478 pro
546 2405 628 2456 tanta
655 2397 862 2476 compassione
890 2396 999 2476 saepius
1028 2395 1195 2473 gratificare

235 2502 293 2541 non
308 2481 446 2552 differas;
470 2503 556 2562 spero
568 2483 655 2551 enim,
669 2484 740 2562 quia
750 2483 827 2542 hanc
838 2483 932 2561 ipsam
947 2484 1011 2560 ejus
1025 2480 1193 2542 beneticen-

235 2569 306 2627 tiam
333 2568 416 2646 larga
440 2569 569 2628 coelestis
597 2568 796 2627 misericordia
822 2568 941 2627 uberius
968 2569 1231 2647 compensabit'tt

235 2651 317 2712 Haec
332 2653 448 2713 dixerat
459 2653 501 2713 illi
515 2655 657 2724 ministro,
674 2673 710 2712 ac
725 2653 833 2713 deiude
848 2674 903 2713 suo
916 2652 1047 2712 minister
1062 2653 1189 2725 domino,

234 2759 363 2819 moxque
378 2740 417 2799 ad
431 2741 530 2800 locum
545 2741 674 2798 minister
686 2760 849 2817 regressus,
861 2758 1021 2818 pauperem
1035 2759 1192 2819 nusquam,

234 2844 340 2904 panem
360 2847 431 2886 vero
452 2835 482 2886 et
500 2826 598 2885 vinum
617 2826 659 2884 ita
678 2826 784 2904 reperit
802 2827 957 2903 integrum,
975 2831 1008 2884 ut
1026 2845 1082 2884 nec
1101 2825 1192 2884 ullum

235 2930 353 2990 prorsus
382 2912 522 2972 sectionis
551 2912 673 2970 baberet
700 2912 825 2988 signum.
871 2909 964 2977 Quod
990 2909 1105 2970 lactum
1128 2911 1192 2990 ipse

236 3016 337 3056 secum
352 3005 486 3077 stupens,
502 2996 621 3057 domino
635 2996 737 3056 itidem
749 3017 803 3055 suo
814 2996 938 3056 festinus
946 2995 1078 3055 indicare
1088 2997 1191 3057 voluit.
1203 3012 1229 3057 st

236 3081 331 3160 Cujus
359 3083 492 3142 miraculi
519 3084 650 3143 novitate
677 3089 827 3162 percepta,
850 3083 913 3163 ipse
942 3082 1049 3163 pariter
1073 3091 1105 3142 et
1129 3084 1192 3162 ejus

235 3187 311 3227 uxor
324 3189 382 3226 non
398 3170 506 3227 minore
521 3169 718 3248 percelluntur
733 3179 863 3247 stupore.
908 3167 950 3226 Et
963 3169 1099 3247 quamvis
1117 3170 1193 3228 curi·

236 3274 288 3312 ose
316 3256 527 3333 perquirentes,
555 3255 645 3325 viam,
673 3275 734 3333 qua
760 3253 810 3312 ille
835 3253 964 3312 venisset
984 3255 1033 3313 vel
1056 3254 1193 3326 redisset,

238 3339 415 3416 investigare
443 3341 626 3420 nequierunt,
652 3360 719 3399 cum
742 3339 905 3419 praesertim
928 3338 1013 3396 locus
1035 3340 1086 3399 ille
1108 3343 1192 3421 aquis

235 3424 415 3502 palustribus
430 3426 599 3494 conclusus,
614 3446 671 3484 non
687 3425 744 3484 nisi
758 3445 824 3484 cum
838 3425 906 3484 navi
919 3423 1040 3484 valebat
1052 3425 1144 3485 adire.
1199 3441 1225 3486 ³5

278 3515 334 3583 §a
357 3509 476 3569 Interea
495 3531 574 3570 nona
593 3510 651 3570 diei
672 3511 744 3568 hora
763 3511 944 3580 lucescente,
963 3510 1003 3579 hi,
1024 3511 1077 3590 qui
1097 3512 1192 3590 pisca-

235 3602 296 3654 tum
318 3597 460 3666 exierant,
475 3605 535 3655 tres
552 3617 645 3656 naves
664 3596 796 3674 piscibus
813 3607 936 3656 onustas
956 3595 1077 3655 domum
1097 3596 1189 3655 duxe-

235 3691 312 3752 runt,
336 3691 501 3741 asserentes
522 3690 632 3741 tantam
656 3682 791 3761 piscandi
812 3684 928 3762 copiam
946 3703 1002 3740 non
1022 3684 1191 3761 pervenisse

270 3983 279 4008 ⁴
298 3981 431 4043 Etfredm]
450 3981 520 4042 King
530 3981 559 4028 ol
569 3981 612 4030 the
625 3982 698 4029 West
766 3977 776 4006 ⁸
793 3981 841 4029 Sed
852 3976 925 4048 Dei]
943 3981 991 4029 See
1001 3981 1122 4044 Symeon,
1135 3998 1190 4044 cap.

237 4051 345 4101 Saxone.
731 4066 792 4098 xxv.

766 4118 783 4147 ²¹
804 4117 935 4189 Hilarem]
965 4123 1053 4171 2Cor.
1064 4123 1101 4171 iu.
1114 4128 1139 4173 7.
