2850 4890
280 338 380 386 nrsr.
398 338 482 386 nnn.
499 337 768 402 cranausruu,
789 339 897 387 lucr.
916 338 1033 386 sucu.
1083 322 1149 388 329

235 493 311 561 §3st
341 487 403 553 Qui
415 485 538 545 libenter
552 487 702 566 accipiens
717 488 891 548 electionem
905 489 1026 549 fratrum
1041 491 1149 570 etipse

189 573 267 632 banc
292 593 347 632 sua
375 572 579 633 benedictione
608 573 735 632 firmavit
760 595 886 654 eumque
914 575 1096 635 abundanter
1119 577 1148 634 in

193 660 335 737 pluribus,
356 659 481 738 qualiter
505 659 633 736 regendo
662 662 839 719 monasterio
864 681 993 740 praeesse
1017 661 1149 733 deberet,

192 747 327 804 instituit.
373 744 476 823 Hujus
491 753 588 803 autem
603 745 738 824 epistolar
754 746 905 805 exordium
920 757 977 817 est,

164 931 179 974 5
237 913 445 997 ‘Domino-in
470 914 599 973 Domino
624 915 806 975 dominorum
832 915 1022 977 dilectissimo
1046 926 1148 996 terque
1164 920 1295 968 terranem

281 996 451 1059 beatissimo
469 1020 556 1079 papae
577 1001 733 1078 Gregorio,
756 1002 1008 1073 Hwaetbercbtus‚
1032 1005 1148 1063 humilis

282 1107 385 1145 servus
415 1099 524 1155 vester,
554 1087 648 1145 abbas
678 1089 803 1146 coenobii
833 1090 992 1147 beatissimi
1028 1100 1148 1168 aposto-

280 1171 375 1230 lorum
403 1172 488 1231 Petri
522 1172 560 1231 de
593 1171 736 1244 Saurania,
764 1183 935 1254 perpetuam
963 1177 991 1233 in
1021 1174 1149 1235 Domino

282 1258 417 1318 salutem.

151 1361 183 1405 ιο
245 1341 384 1402 ‘Gratias
397 1363 482 1421 agere
498 1364 555 1402 non
569 1361 657 1403 cesso
668 1343 891 1424 Dispensationi
905 1345 1023 1425 superni
1037 1346 1149 1404 exami-

193 1429 251 1496 nis,
266 1449 323 1487 una
343 1450 411 1488 cum
431 1429 541 1488 sanctis
555 1428 705 1499 fratribus,
720 1432 771 1510 qui
785 1451 899 1489 mecum
915 1433 943 1488 in
958 1432 1002 1489 bis
1018 1432 1090 1490 locis
1110 1430 1149 1490 ad

193 1514 396 1573 inveniendam
411 1515 539 1594 requiem
559 1516 711 1574 animabus
728 1519 802 1585 suis,
817 1517 1023 1575 suavissimum
1038 1517 1148 1576 Christi

189 1604 295 1679 jugum
320 1609 435 1679 portare
464 1600 643 1670 desiderant,
669 1601 750 1680 qnod
778 1612 807 1661 te
834 1602 941 1662 nostris
969 1603 1148 1682 temporibus

194 1696 255 1744 tarn
284 1685 446 1762 glorificum
474 1686 626 1746 electionis
655 1707 709 1746 vas
736 1688 867 1764 regimini
895 1689 985 1747 totius
1013 1689 1147 1746 ecclesiae

152 1790 182 1834 15
194 1769 345 1851 praeficere
356 1771 476 1848 dignata
487 1783 550 1839 est;
565 1783 774 1852 quatenusper
787 1775 843 1832 boc
858 1793 917 1852 quo
931 1774 996 1852 ipse
1009 1773 1148 1833 divinitus

195 1857 325 1936 impleris
340 1858 436 1915 lumen
451 1866 482 1915 et
500 1859 631 1917 veritatis
641 1868 672 1917 et
685 1857 755 1917 fidei
769 1861 855 1918 etiam
872 1860 997 1918 minores
1015 1880 1149 1939 quosque

195 1944 307 2002 allatius
323 1946 430 2021 juvare
451 1962 513 2000 suae
536 1945 654 2022 pietatis
674 1954 852 2023 aspergeret.
897 1945 1148 2005 Commendamus

195 2040 293 2088 autem
322 2039 380 2087 tuae
408 2038 520 2087 sanctae
545 2030 725 2106 benignitati,
754 2030 945 2090 dilectissime
972 2032 1000 2089 in
1030 2031 1149 2090 Christo

194 2123 279 2194 pater
306 2123 336 2172 et
361 2115 489 2183 domiue,
517 2117 699 2174 venerabiles
727 2115 910 2176 dilectissimi
939 2118 1029 2195 patris
1058 2118 1149 2176 nostri

150 2217 182 2262 20
194 2220 297 2268 canos,
312 2199 466 2267 Ceollridi‚
481 2200 628 2270 videlicet,
643 2203 760 2260 abbatis
776 2222 812 2260 ac
827 2204 973 2261 nutritoris
987 2204 1149 2282 tutorisque

195 2296 303 2344 nostrae
329 2286 467 2364 spiritalis
489 2287 516 2343 in
538 2289 701 2346 monastica
719 2289 818 2366 quiete
837 2289 978 2347 libertatis
1001 2298 1031 2346 et
1055 2290 1147 2367 pacis.

197 2372 238 2430 Et
261 2373 384 2450 primum
405 2370 523 2449 quidem
547 2375 655 2450 gratias
676 2374 789 2451 agimus
811 2385 922 2433 sauctae
942 2385 972 2433 et
992 2373 1150 2433 individuae

196 2458 341 2527 Trinitati,
356 2457 436 2536 quod
456 2458 530 2537 ipse,
546 2459 614 2517 etsi
630 2479 685 2517 uon
702 2461 762 2518 siue
778 2461 905 2519 maximo
920 2469 1019 2519 nostro
1037 2459 1149 2531 dolore,

197 2543 318 2621 gemitu,
334 2543 426 2611 luctu,
442 2564 477 2603 ac
494 2545 700 2622 prosecutione
720 2545 916 2615 lacrimarum,
931 2566 949 2604 a
963 2546 1046 2604 nobis
1067 2546 1149 2616 abiit,

152 2648 184 2692 25
197 2629 235 2688 ad
251 2649 312 2687 snae
326 2639 422 2688 tamen
435 2628 485 2687 diu
501 2629 676 2688 desiderata*
689 2632 796 2710 qnietis
811 2631 917 2708 gaudia
931 2641 1034 2690 sancta
1047 2651 1151 2710 perve-

196 2717 254 2782 nit;
277 2715 347 2774 dum
376 2735 423 2783 ea,
451 2735 519 2794 quae
541 2718 683 2794 juvenem
711 2738 744 2775 se
772 2717 882 2785 adisse,
911 2718 1034 2787 vidisse,
1060 2727 1149 2796 atque

196 2801 337 2861 adorasse
353 2821 467 2880 semper
482 2802 639 2860 recordans
655 2802 836 2872 exsultabat,
852 2803 940 2862 etiarn
955 2803 1037 2862 senio
1052 2802 1150 2862 defes-

196 2909 247 2945 sus
263 2890 414 2946 beatorum
430 2887 628 2967 apostolorum
645 2888 771 2947 devotus
786 2889 884 2947 limina
899 2891 1023 2968 repetiit,
1038 2897 1150 2967 etpost

196 2972 300 3050 longos
315 2974 440 3052 amplius
456 2975 610 3050 sexaginta
626 2994 764 3032 annorum
780 2974 897 3034 labores
914 2995 1060 3053 curasque
1079 2994 1148 3033 con-

152 3060 303 3129 sutiuuas,
322 3061 428 3138 quibus
448 3061 630 3118 monasteriis
650 3059 785 3137 regendis
806 3061 921 3119 abbatis
935 3063 1003 3138 jure
1024 3060 1149 3138 praeluit,

196 3146 416 3224 incomparabili
439 3145 553 3203 virtutis
579 3165 689 3215 amore,
711 3146 797 3224 quasi
819 3167 910 3225 nuper
930 3145 968 3204 ad
993 3166 1149 3206 conversa-

196 3232 303 3290 tionem
319 3232 387 3289 vitae
405 3230 533 3289 coelestis
550 3232 675 3300 accitus,
691 3231 792 3289 ultima
812 3232 966 3291 confectus
986 3242 1074 3293 atate
1083 3234 1149 3311 jam

197 3318 364 3385 moriturus,
391 3335 491 3374 rursus
519 3317 618 3395 incipit
644 3318 820 3395 peregrinari
848 3339 901 3397 pro
931 3317 1061 3386 Christo,
1089 3339 1149 3396 quo

196 3404 316 3462 liberius
340 3403 438 3481 prisca
462 3401 689 3460 sollicitudinum
709 3403 883 3462 secularium
906 3404 1019 3483 spineta
1035 3406 1150 3463 camino

153 3507 184 3551 35
197 3489 318 3568 spiritali
343 3489 457 3547 fervens
482 3488 715 3566 compunctionis
742 3488 817 3566 iguis
839 3490 984 3550 absumat.
1030 3489 1147 3549 Deinde

199 3576 285 3634 etiam
302 3583 408 3633 vestrae
423 3575 589 3653 paternitati
609 3571 821 3652 supplicamus
845 3586 877 3635 ut
892 3574 973 3654 quod
987 3594 1040 3634 uos
1055 3575 1150 3635 lacere

195 3681 256 3720 uon
285 3661 453 3726 meruimus,
481 3679 536 3718 vos
564 3680 634 3736 erga
656 3660 739 3718 illum
768 3660 877 3719 ultimae
905 3661 1023 3739 pietatis
1055 3657 1150 3719 seduli

196 3767 303 3806 munus
317 3745 462 3826 expleatis
471 3765 479 3813 ;
502 3766 555 3826 pro
570 3755 650 3804 certo
665 3747 792 3805 scientes
807 3746 876 3825 quia
889 3756 919 3805 et
934 3746 959 3803 si
975 3766 1027 3804 vos
1042 3766 1149 3825 corpus

197 4069 200 4073 «
235 4031 402 4104 magara]
433 4037 549 4100 Gregory
561 4036 604 4085 the
617 4034 717 4085 Second
729 4046 799 4083 came
813 4035 839 4081 to
851 4030 893 4082 the
905 4031 984 4095 papal
997 4046 1040 4083 see
1051 4032 1078 4081 in
1090 4035 1149 4097 ⁷14,

202 4110 252 4159 and
264 4110 326 4159 died
338 4109 364 4157 in
376 4111 434 4159 rar.

1166 980 1308 1019 llwaetberctrt

1167 1039 1187 1070 to
1195 1032 1229 1070 tlte
1241 1042 1302 1081 pope.
