2850 4890
346 387 437 434 vrrs
455 389 484 435 s.
504 385 738 447 curnaaarr,
754 387 864 434 nucr.
882 387 999 434 nucu.
1089 373 1155 438 275

194 530 315 591 Domini
334 534 425 591 nostri
441 533 516 592 Jesu
532 532 653 603 Christi,
668 543 701 592 ut
721 534 858 612 quamdiu
874 534 989 604 vixero,
1004 535 1076 593 nulli
1095 535 1153 594 hoc

192 616 391 678 indicaveris?
432 618 474 678 Et
487 629 556 698 post
569 621 661 678 multa
671 619 762 679 verba
776 621 959 699 prophetica,
975 642 1041 700 quae
1055 622 1153 680 omnia

193 704 257 762 sine
270 702 361 762 dubio
376 704 556 775 acciderunt,
572 705 610 764 ad
625 704 723 765 locum
739 726 823 766 suum
838 706 997 784 navigavit.

234 794 311 862 §29.
341 788 392 849 Sic
413 809 539 869 namque
559 791 661 851 vivens
688 812 739 871 per
761 792 859 871 plures
887 812 980 850 annos
1005 791 1152 850 solitarius
1173 802 1329 864 Geronteon·

163 874 373 954 uperdurabat
393 876 431 934 ab
452 877 602 935 hominum
628 878 797 956 aspectibus
823 885 1015 955 segregatus;
1046 878 1152 956 aequali
1172 857 1308 894 ¹⁰⁸⁰⁶²¹¹⁰⁰⁸¹

191 981 310 1040 quoque
331 960 368 1019 ad
390 970 498 1022 cuncta
516 961 663 1022 ferebatur
683 964 828 1037 examine,
842 982 910 1021 narn
931 962 1035 1021 eodem
1056 963 1151 1033 vultu,

190 1045 296 1106 eodem
310 1047 407 1106 animo
426 1050 642 1127 perseverabat.
686 1048 775 1108 Omni
793 1049 866 1106 hora
886 1047 985 1107 hilaris
1005 1059 1036 1108 et
1054 1050 1151 1118 laetus,

188 1151 245 1190 nec
260 1126 462 1192 recordatione
478 1135 593 1213 peccati
608 1135 702 1192 tristia
722 1155 774 1194 ora
795 1135 953 1203 contraxit,
968 1152 1023 1192 nec
1039 1136 1152 1212 magnis

192 1225 361 1298 stupentnm
387 1220 632 1298 praeconizabune
652 1221 717 1298 ejus
742 1220 836 1279 elatus
855 1219 1002 1279 laudibus
1048 1219 1152 1278 Sermo

147 1318 179 1362 10
190 1322 260 1362 vero
280 1303 432 1364 modestus
453 1305 516 1364 sale
536 1304 672 1364 conditus
690 1301 900 1365 consolabatur
914 1313 1045 1378 moestos,
1060 1304 1150 1364 doce-

188 1389 242 1447 hat
263 1389 385 1459 inscios,
407 1390 608 1450 concordabat
630 1391 733 1461 iratos,
755 1391 891 1450 omnibus
922 1391 1050 1450 suadens
1080 1391 1150 1449 nihil

189 1476 282 1533 amori
303 1474 413 1534 Christi
432 1496 500 1536 esse
523 1477 762 1556 praeponendum.
804 1476 1064 1556 Praeponebatque
1083 1486 1151 1536 ante

190 1560 294 1618 oculos
327 1563 456 1620 omnium
488 1562 716 1640 magnitudinem
740 1564 888 1621 'bonorum
919 1561 1092 1634 futurorum,
1122 1571 1152 1620 et

189 1644 335 1705 beneficia
359 1649 511 1707 retexebat
529 1648 662 1715 indulta;
685 1648 755 1728 quia
773 1649 889 1728 proprio
913 1647 990 1707 Filio
1016 1669 1070 1708 suo
1093 1669 1150 1706 non

147 1746 178 1790 15
190 1732 333 1810 pepercit,
348 1732 400 1792 sed
415 1754 468 1814 pro
483 1735 611 1794 omnium
627 1735 722 1794 salute
737 1733 858 1793 tradidit
872 1732 964 1793 illum.

474 1988 613 2049 LIBER
635 1987 862 2056 QUARTUS.

313 2159 479 2238 Episcopus
492 2158 754 2242 lindisfarnensis,
768 2163 923 2229 miracula,
937 2181 1021 2218 mors.
1108 2176 1110 2181 ’

188 2337 265 2404 §30.
299 2330 500 2400 POSTQUAM
529 2330 617 2409 igitur
644 2332 682 2391 ab
708 2329 831 2409 ngrido
855 2350 924 2407 rege
948 2338 977 2388 et
999 2330 1148 2409 episcopis
1168 2351 1269 2392 becomes

190 2414 341 2476 Saxonum
365 2418 502 2495 omnique
530 2425 632 2476 senatu
660 2416 852 2496 deposcente,
878 2416 916 2474 ad
944 2416 1147 2495 episcopatum
1166 2405 1305 2493 ῗξξὲῑζῑζξῃε,

146 2518 180 2563 20
191 2509 300 2562 nostrae
314 2502 449 2562 ecclesiae
464 2502 742 2562 Lindissarneusium
757 2502 870 2560 electus
885 2508 941 2569 est,
960 2510 1030 2560 tunc
1046 2522 1145 2581 supra·

189 2587 271 2648 dicto
296 2609 363 2667 rege
387 2596 416 2646 et
440 2589 581 2668 episcopo
604 2597 716 2647 sanetae
740 2588 886 2646 memoriae
913 2587 1040 2645 'l'unrma
1060 2595 1091 2645 et
1111 2587 1148 2645 de

188 2672 301 2732 familia
318 2680 418 2733 nostra
437 2673 622 2733 electissimis
641 2675 710 2733 viris
726 2673 910 2732 venientibus
925 2672 963 2730 ad
978 2693 1055 2742 eum,
1071 2673 1148 2731 intus

189 2760 293 2819 clauso
308 2759 514 2819 cumconsilio
530 2769 661 2828 senatus,
675 2758 838 2840 provolutis
853 2759 976 2836 genibus
990 2756 1149 2834 adjuranti-

188 2845 306 2925 busque
335 2865 402 2904 eum
429 2865 481 2923 per
509 2845 669 2904 Dominum
698 2853 830 2903 nostrum
851 2844 956 2902 Jesum
984 2842 1148 2913 Christum,

145 2947 177 2991 25
189 2931 308 3001 invitus,
323 2941 439 2999 coacte,
455 2931 610 2991 lacrimans
632 2940 662 2990 et
681 2930 755 2990 fleus
770 2931 938 2988 abstractus
952 2937 1008 2995 est,
1025 2949 1148 3007 exspec-

189 3023 270 3076 tante
291 3017 379 3076 etiam
401 3016 498 3076 adhuc
519 3025 623 3075 senatu
644 3037 710 3075 cum
734 3016 957 3095 archiepiscopo
979 3013 1148 3074 Theodoro.

188 3099 257 3161 Jam
284 3123 355 3161 vero
383 3109 451 3181 post
476 3102 603 3181 spatium
631 3112 727 3161 sumto
756 3102 942 3180 episcopatu,
971 3101 1089 3179 qualem
1116 3121 1148 3159 se

190 3196 390 3266 quantumque
412 3189 608 3267 praestitisset,
629 3209 687 3247 nou
707 3194 754 3246 est
774 3196 881 3246 nostrae
898 3185 1049 3245 facultatis
1068 3186 1148 3244 evol-

189 3293 270 3344 vere,
299 3273 353 3332 sed
376 3281 474 3332 tamen
498 3274 602 3333 melius
626 3283 673 3332 est
697 3281 809 3352 partem
836 3273 965 3352 aliquam
991 3292 1149 3351 exponere,

147 3374 280 3438 uuquam
293 3366 385 3418 totam
400 3360 543 3420 omittere.
586 3358 672 3418 Idem
691 3360 778 3418 etiam
797 3358 1035 3417 constantissime
1050 3378 1150 3436 perse-

189 3453 283 3514 verat,
299 3446 350 3524 qui
363 3446 443 3524 prius
456 3444 569 3512 fuerat3
595 3444 701 3504 eadem
715 3445 743 3502 in
762 3443 852 3503 corde
870 3443 1029 3513 humilitaS,
1046 3443 1150 3503 eadem

189 3531 219 3589 in
247 3531 356 3590 vestitu
381 3531 480 3590 vilitas
509 3538 585 3599 erat,
613 3540 702 3609 atque
724 3531 765 3588 ita
788 3530 893 3610 plenus
916 3530 1096 3589 auctoritatis
1120 3539 1151 3587 et

191 3617 293 3694 gratiae
307 3616 449 3695 implebat
462 3617 595 3695 episcopi
608 3616 791 3693 dignitatem,
806 3636 863 3674 non
878 3625 975 3675 tamen
993 3624 1026 3674 ut
1043 3635 1151 3694 propo-

191 3702 280 3761 situm
308 3703 444 3762 monachi
472 3712 502 3761 et
529 3703 714 3761 anachoretae
743 3702 879 3760 virtutem
907 3700 1065 3760 desereret.
1113 3699 1150 3757 In

148 3803 179 3847 ³5
192 3788 329 3846 omnihus
358 3789 446 3846 etiam
473 3789 635 3846 observans
659 3787 752 3846 Pauli
773 3786 901 3865 apostoli
925 3785 1087 3844 doctrinam
1113 3784 1151 3843 ad

190 3873 290 3933 Titum
318 3871 476 3944 dicentem,
504 3873 677 3933 recordatus
705 3883 761 3943 est,
791 3880 799 3906 ⁴
824 3872 951 3952 Oportet
978 3872 1151 3950 episcopum

242 4122 264 4224 ἐξ
280 4117 432 4262 ῗοείᾳιιῖῃιῇ
458 4124 510 4175 Vit.
524 4125 590 4174 Met.
605 4124 671 4185 Cap.
683 4134 758 4182 xxn;
771 4121 835 4170 'Vit
848 4121 924 4169 Pros.
937 4119 1002 4180 Cap.
1016 4129 1092 4167 xxvi.

301 4195 367 4244 itura
400 4195 418 4244 i.
431 4198 456 4243 7.
