2850 4890
383 365 434 413 au
455 365 712 415 uoounucruu
732 366 983 415 nurrsrrruu.
1138 346 1204 411 209

245 523 349 602 tione,
369 544 410 589 ac
431 525 547 590 divino
567 526 702 591 auditui
722 526 857 609 dignior
876 527 1061 590 elucescat.
1107 523 1205 588 Sicut

245 626 337 690 enim
365 627 528 691 indecens
557 635 623 704 est,
651 628 682 691 si
711 647 799 691 vasa
828 628 947 691 altaris
982 631 1205 690 sacrosancta

244 729 444 810 vulgaribus
455 749 606 812 unquam
619 730 739 794 usibus
754 748 795 793 ac
809 729 936 794 vilibus
949 727 1207 811 prophanentur

246 829 378 907 officiis
392 831 444 895 ita
458 850 655 913 perversum
670 831 762 895 omni
780 830 882 894 modo
900 850 941 895 ac
963 830 1122 894 miserum
1141 834 1205 904 est,

217 951 232 992 5
247 931 277 994 si
292 931 334 1011 is,
350 933 410 1016 qui
425 934 469 997 ad
485 934 721 997 consecranda
735 933 772 996 in
786 933 887 998 altari
904 931 1076 995 dominica
1090 949 1205 994 sacra-

248 1041 365 1098 menta
389 1035 566 1100 ordinatus
590 1041 655 1114 est,
674 1054 764 1098 nunc
785 1034 925 1118 quidem
947 1032 1077 1096 eisdem
1101 1030 1205 1095 conli-

247 1134 380 1199 ciendis
396 1136 624 1202 sacramentis
638 1136 787 1201 Domino
802 1135 1029 1200 famulaturus
1049 1132 1204 1207 assistat,

246 1256 338 1300 nunc
352 1257 510 1320 egressus
525 1239 706 1305 ecclesiam
721 1238 799 1322 ipso
813 1257 871 1301 ore
887 1235 1084 1318 eisdemque
1097 1233 1206 1297 mani-

247 1339 324 1416 bus,
338 1341 464 1421 quibus
484 1341 589 1423 paulo
609 1348 689 1404 ante
710 1358 810 1404 sacra
829 1341 1051 1413 tractaverat,
1066 1337 1205 1419 repente

205 1459 236 1505 ro
246 1439 372 1505 frivola
390 1443 486 1527 loqui
507 1443 563 1508 vel
581 1463 680 1526 agere
703 1441 889 1507 Dominum
913 1437 1102 1503 offensurus
1119 1436 1207 1500 iuci-

248 1541 336 1625 piat

292 1643 356 1727 ψ.
390 1642 447 1711 Ad
470 1644 731 1711 custodiendam
755 1663 835 1711 vero
860 1643 987 1726 linguae
1012 1641 1069 1709 vel
1093 1640 1207 1723 operis
1226 1658 1369 1712 uacuus·

249 1746 463 1824 munditiam,
485 1764 563 1810 cum
591 1748 741 1813 lectione
771 1747 900 1824 divina,
929 1746 1033 1810 etiam
1058 1743 1207 1809 societas
1224 1711 1366 1800 iiiiii?

250 1866 377 1926 eorum,
403 1849 463 1931 qui
489 1847 625 1914 Christo
654 1848 747 1913 fideli
777 1847 962 1913 devotione
988 1845 1157 1911 famulant
1143 1852 1210 1922 tur,
1223 1812 1303 1852 “¹¹¹⁶‘'

208 1949 433 2031 utplurimum
443 1951 564 2035 juvat3
587 1958 627 2016 ut
641 1949 824 2034 siquando
838 1950 894 2014 vel
906 1949 1025 2032 lingua
1039 1947 1209 2021 lascivire,

249 2051 304 2114 vel
328 2052 485 2134 operatio
508 2071 617 2134 prava
639 2052 723 2116 mihi
745 2053 928 2134 subrepere
951 2050 1107 2134 coeperit,
1127 2069 1210 2113 mox

253 2153 424 2218 sociorum
438 2154 589 2220 fidelium
600 2175 716 2233 manu,
726 2175 770 2219 ne
781 2152 904 2219 cadere
916 2154 1062 2229 valeam,
1074 2158 1209 2216 susten-

251 2262 312 2319 ter.
359 2253 460 2332 Quod
479 2275 557 2320 cum
577 2255 737 2321 omnibus
758 2255 827 2319 Dei
844 2254 982 2318 famulis
1004 2253 1141 2317 sibimet
1159 2252 1210 2316 ita

252 2357 448 2441 prospicere
467 2358 648 2422 utillimum
668 2358 726 2436 sit,
740 2365 870 2441 quanto
885 2357 995 2438 magis
1010 2356 1060 2419 illi
1080 2354 1209 2437 gradui,

207 2477 243 2531 ao
255 2459 314 2541 qui
345 2478 415 2523 non
444 2460 569 2525 suimet
598 2460 834 2525 tautummodo
863 2477 980 2523 curam
1009 2476 1120 2539 agere,
1148 2456 1208 2520 sed

254 2561 358 2625 etiam
391 2580 474 2643 erga
508 2562 727 2626 commissam
754 2561 821 2625 sibi
849 2560 1042 2638 ecclesiam,
1069 2575 1210 2623 necesse

253 2662 358 2727 babet
373 2664 523 2727 studium
537 2664 661 2728 salutis
677 2662 898 2746 impenderet
916 2661 1021 2745 juxta
1035 2661 1131 2724 illum
1151 2659 1211 2743 qui

254 2763 355 2843 dixit,
374 2770 525 2848 ‘praeter
543 2783 585 2829 ea
607 2784 685 2847 quae
704 2764 921 2828 extrinsecus
941 2769 1022 2828 suut
1045 2761 1212 2826 instantia

254 2885 332 2929 mea
352 2865 570 2948 quotidiana,
587 2866 784 2931 sollicitudo
806 2866 957 2929 omnium
979 2863 1211 2929 ecclesiarum.

211 2985 244 3030 aa
258 2964 348 3045 Quis
367 2967 566 3045 infirmatur,
586 2975 622 3033 et
641 2988 705 3051 ego
726 2989 795 3032 non
814 2968 986 3033 infirmorl
1013 2967 1091 3050 quis
1112 2983 1212 3030 scan-

255 3068 436 3146 dalizatur,
451 3076 487 3133 et
500 3089 563 3152 ego
578 3089 646 3134 non
660 3089 740 3134 uror
750 3072 776 3135 l'
811 3069 913 3149 Quod
929 3089 999 3133 non
1014 3069 1064 3133 ita
1078 3068 1212 3151 loquor,

255 3171 356 3253 quasi
368 3178 402 3234 te
416 3171 516 3234 aliter
527 3170 641 3237 facere
653 3173 772 3252 sciam,
784 3172 844 3237 sed
856 3173 939 3256 quia
951 3171 995 3236 de
1006 3170 1213 3254 quibusdam

255 3271 430 3354 episcopis
445 3271 538 3336 fama
552 3274 730 3356 vulgatum
744 3281 807 3352 est,
823 3273 914 3356 quod
927 3273 995 3357 ipsi
1010 3270 1213 3336 ita-Christo

255 3373 419 3452 serviant,
442 3381 482 3437 ut
505 3374 618 3438 nullos
641 3393 757 3439 secum
781 3374 928 3458 alicujus
953 3374 1127 3456 religionis
1152 3379 1214 3437 aut

211 3493 246 3538 ao
257 3475 479 3539 continentiae
501 3476 592 3539 viros
619 3475 787 3557 babeant3
821 3476 881 3540 sed
907 3475 1025 3560 potius
1050 3476 1128 3540 illos
1154 3475 1215 3558 qui

257 3576 351 3653 risui,
360 3575 462 3660 jocis,
477 3575 616 3656 fabulis,
631 3577 975 3643 commessationibus
989 3583 1025 3641 et
1041 3576 1215 3641 ebrietati-

290 3889 311 3919 Ὦ
326 3888 418 3960 Ilium]
443 3892 528 3943 2Cor.
541 3893 578 3942 xi.
589 3897 631 3944 28.
753 3893 939 3942 ecclesiastica}
952 3893 1029 3942 Laws
1045 3891 1075 3940 ol
1089 3891 1132 3940 the
1149 3893 1216 3942 Sax-

292 3959 313 3989 ²⁸
330 3957 558 4031 Foruaoulgotum]
591 3964 618 4013 lt
630 3964 717 4014 would
754 3979 811 4027 ons,
834 3964 865 4025 by
885 3963 971 4012 which
992 3966 1013 4012 it
1032 3976 1142 4024 appears
1160 3963 1216 4011 that

259 4033 291 4082 be
312 4047 374 4095 easy
394 4039 421 4082 to
438 4034 569 4083 illustrate
590 4035 642 4084 this
661 4049 718 4097 pas·
755 4035 799 4082 tbe
829 4034 1015 4095 elogio-saxon
1047 4033 1135 4095 clergy
1162 4034 1214 4082 bad

259 4117 322 4166 uage
347 4104 382 4165 by
410 4106 557 4166 quotations
583 4104 648 4156 from
677 4105 719 4154 the
755 4104 834 4154 fallen
848 4106 901 4154 into
913 4119 989 4166 many
1002 4117 1130 4154 excesses.

304 4204 393 4250 ΤΟΜ.
411 4204 451 4251 ll.
938 4207 957 4252 P
