2850 4890
237 348 302 413 140
530 364 622 413 vrrs
640 364 669 413 s.
687 365 911 428 arunnrcrr,

237 524 355 590 Nobili
374 522 509 607 quidem
531 523 637 606 stirpe
657 523 769 604 gentis
784 522 972 606 Anglorum
989 526 1199 608 progenitus,

236 625 385 690 sednon
411 625 533 688 minori
554 623 735 689 nobilitate
759 625 885 689 mentis
909 626 954 691 ad
976 627 1200 710 promerenda

236 746 370 809 semper
388 726 584 808 angelorum
599 727 772 790 consortia
786 746 985 810 suspensus.
1030 727 1200 811 Denique,

237 848 314 892 cum
337 838 430 893 esset
452 829 606 892 minister
630 827 749 893 Oswiu
768 829 868 911 regis,
890 837 925 893 et
945 830 1200 912 possessionem

238 937 337 993 terrae
351 950 415 994 suo
429 931 552 1012 gradui
567 938 827 1013 competentem,
843 931 902 995 illo
917 931 1080 1009 donante,
1095 931 1202 1013 perci·
1225 949 1238 992 s

238 1038 346 1113 peret,
356 1050 465 1096 annos
480 1040 583 1095 natus
595 1033 731 1097 circiter
741 1033 862 1114 viginti
877 1043 913 1097 et
927 1034 1091 1116 quinque,
1105 1032 1201 1096 fasti-

239 1131 326 1197 divit
343 1133 597 1215 possessionem
620 1133 797 1211 caducam,
817 1139 857 1196 ut
882 1132 1062 1217 adquirere
1084 1140 1202 1216 posset

240 1241 423 1314 aeternam3
446 1232 607 1315 despexit
628 1233 785 1298 militiam
808 1223 885 1298 cum
906 1235 1123 1318 corruptibili
1143 1234 1202 1299 do-

240 1337 359 1400 nativo
374 1343 578 1412 terrestrem,
593 1343 632 1399 ut
646 1354 728 1399 vero
743 1336 813 1417 regi
827 1334 1000 1415 militaret,
1014 1344 1049 1400 et
1063 1355 1203 1419 regnum

239 1437 276 1498 in
302 1456 450 1520 superna
469 1437 610 1501 civitate
630 1443 816 1500 mereretur
840 1435 965 1500 habere
987 1444 1241 1520 perpetuumu

242 1537 398 1620 Reliquit
431 1537 578 1616 domum,
608 1546 772 1620 cognatos
807 1545 843 1602 et
876 1539 1035 1621 patriam,
1065 1546 1204 1621 propter
1231 1549 1234 1559 '

241 1640 413 1704 Christum
442 1647 478 1705 et
504 1646 643 1721 propter
671 1638 906 1720 Evangelium,
935 1647 975 1704 ut
1004 1640 1203 1723 centuplum

242 1742 413 1824 acciperet
440 1748 475 1804 et
505 1740 610 1803 vitam
639 1747 802 1804 aeternam
831 1741 1043 1823 possideret;
1071 1742 1204 1823 respuit

240 1843 371 1925 nuptiis
391 1843 516 1906 servire
532 1842 738 1919 carnalibus,
753 1856 792 1906 ut
807 1843 906 1927 sequi
920 1843 1053 1908 valeret
1066 1842 1204 1925 Agnum

241 1945 448 2026 virginitatis
468 1943 576 2026 gloria
596 1944 778 2009 candidum
797 1945 833 2008 in
853 1945 967 2026 regnis
985 1945 1243 2025 coelestibus3rs

242 2047 362 2111 abnuit
380 2046 506 2112 liberos
526 2066 628 2111 carne
643 2066 821 2130 procreare
835 2047 1007 2126 mortales,
1027 2047 1205 2130 praedesti-

241 2157 344 2213 natus
359 2169 381 2214 a
394 2148 531 2214 Christo
547 2148 591 2212 ad
606 2148 803 2214 educandos
815 2149 847 2212 ei
859 2148 1031 2231 spirituali
1046 2148 1205 2213 doctrina

241 2249 330 2315 filios
345 2250 479 2315 coelesti
492 2250 528 2313 in
543 2249 617 2314 vita
631 2269 810 2333 perennes·
837 2258 840 2262 ’
979 2241 982 2244 ’

70 2373 148 2424 Μ).
162 2375 220 2422 osa.
286 2351 351 2436 §2
375 2351 528 2415 Dimissa
548 2371 627 2433 ergo
649 2353 773 2433 patria,
797 2351 944 2420 Romam
964 2351 1061 2430 adiit,
1085 2354 1206 2417 beato·

72 2442 226 2542 Rsssslss‘fflg
243 2474 317 2518 rum
328 2452 585 2535 Apostolorum,
598 2472 741 2535 quorum
754 2452 923 2517 desiderio
935 2473 1070 2536 semper
1081 2453 1202 2517 ardere
1215 2471 1245 2516 ao

243 2561 479 2632 consueverat,
517 2554 621 2618 etiam
655 2553 733 2618 loca
767 2572 947 2638 corporum
984 2555 1207 2637 corporaliter

243 2658 354 2723 visere
379 2663 482 2740 atque
510 2655 651 2720 adorare
676 2657 819 2722 curavit.
864 2654 921 2719 Ad
946 2657 1093 2740 patriam
1123 2676 1207 2720 mox

244 2777 412 2836 reversus,
441 2759 629 2822 studiosius
660 2777 807 2841 eaquae
837 2757 925 2822 vidit
959 2752 1206 2823 ecclesiasticae

244 2862 326 2926 vitae
344 2860 514 2937 instituta,
534 2859 687 2941 diligere,
706 2859 873 2937 venerari,
893 2864 929 2922 et
947 2857 1072 2941 quibus
1091 2860 1209 2942 potuit

243 2963 443 3045 praedicare,
462 2979 532 3024 non
560 2960 672 3024 desiit.
717 2959 796 3038 Quo
823 2966 974 3042 tempore
996 2958 1247 3038 Alchfridus,2s

245 3064 433 3147 supradicti
458 3063 546 3144 regis
567 3061 676 3127 Oswii
694 3061 784 3125 filius
811 3069 847 3125 et
868 3062 943 3144 ipse
963 3068 1103 3143 propter
1125 3061 1209 3126 ado-

244 3166 354 3229 randa
373 3161 620 3246 Apostolorum
645 3163 764 3227 limina
787 3161 935 3226 Romam
957 3164 1071 3228 venire
1092 3162 1210 3247 dispo-

245 3285 342 3342 nens,
353 3265 510 3329 comitem
522 3285 599 3329 eum
611 3264 763 3347 ejusdem
775 3265 907 3328 itineris
920 3264 1063 3346 accepit.
1094 3263 1208 3343 Quem

246 3373 447 3447 cumpater
474 3385 557 3430 suus
588 3368 631 3430 ab
657 3367 846 3430 intentione
871 3366 1051 3430 memorati
1077 3366 1211 3431 itineris

245 3473 432 3543 revocaret,
457 3474 562 3549 atque
587 3469 622 3531 in
648 3469 762 3550 patria
791 3486 833 3530 ao
856 3486 960 3550 regno
988 3485 1051 3530 suo
1076 3467 1205 3532 faceret
1218 3487 1248 3532 so

282 3739 300 3767 ¹¹
320 3738 425 3802 Reliquit
435 3732 550 3805 domum]
579 3739 708 3788 Bedahas
743 3739 826 3787 whom
840 3739 872 3788 he
885 3740 1110 3802 accompaniedas
1126 3741 1167 3788 far
1179 3755 1209 3789 as
1308 3749 1310 3754 ’

246 3811 307 3860 here
320 3809 372 3858 had
390 3808 476 3857 before
493 3808 534 3856 his
552 3808 644 3857 mind's
661 3822 708 3868 eye
744 3809 837 3871 Lyons,
856 3810 891 3858 H.
904 3812 934 3859 E.
951 3825 976 3858 v.
993 3814 1034 3858 19.
1070 3810 1134 3858 This
1153 3826 1208 3859 was

246 3882 290 3930 the
302 3882 407 3930 Sermon
416 3878 501 3927 which
511 3879 632 3927 hewrote
641 3893 709 3939 upon
743 3879 769 3926 in
786 3880 829 3928 the
847 3881 944 3929 middle
963 3879 992 3928 ol
1006 3880 1048 3928 the
1067 3894 1130 3940 year
1148 3885 1208 3941 654,

246 3952 298 4000 this
315 3955 372 4000 text
389 3949 439 3998 ‘ln
460 3949 554 3998 Natale
575 3949 602 3998 S.
623 3949 709 4005 Bene·
743 3951 882 4011 according
898 3955 925 3998 to
945 3950 1014 4010 Pagi
1031 3963 1058 3998 a.
1070 3963 1098 3999 n.
1116 3954 1175 4011 658,
1195 3953 1208 4014 §

247 4023 312 4070 dicti
325 4018 445 4070 abbatis!
481 4018 507 4068 It
518 4019 574 4068 will
586 4021 617 4067 be
629 4018 708 4067 found
743 4024 768 4079 9,
787 4034 816 4067 or
832 4021 859 4067 in
878 4021 921 4069 the
941 4021 1060 4081 previous
1076 4035 1149 4082 year,
1167 4037 1209 4071 ac·

247 4093 273 4139 in
287 4091 330 4138 the
342 4088 490 4151 Appendix.
743 4091 849 4151 cording
862 4096 887 4138 to
900 4091 1003 4139 Smith's
1016 4091 1180 4141 calculation.

283 4157 302 4187 ¹⁹
320 4160 420 4207 Rornum
430 4154 512 4227 adiit]
531 4159 710 4222 HelestEng·
779 4158 798 4188 ²⁶
814 4155 975 4228 meifridus]
1003 4161 1052 4210 See
1070 4161 1106 4210 H.
1127 4163 1158 4211 E.
1181 4177 1206 4210 v.

247 4229 310 4279 land
328 4230 355 4278 in
372 4230 414 4278 tha
431 4231 527 4290 society
549 4230 578 4279 ol
595 4231 710 4294 Willrid,
746 4235 786 4281 19.
1211 4255 1213 4258 ·
