2850 4890
343 380 434 427 vrrs
451 379 478 427 s
498 381 733 444 curnnnnrr,
751 382 863 430 uuor.
884 383 1001 430 suoru.
1088 366 1152 430 261

502 915 640 976 LIBER
662 915 851 976 PRIMUS.

339 1085 408 1145 Vtra
421 1098 490 1146 onte
503 1090 661 1165 inpressum
676 1091 707 1147 in
722 1089 926 1147 monasterium
939 1097 1016 1145 acta.

191 1261 247 1328 §4.
279 1256 436 1316 PRIMUM
465 1257 584 1338 quidem
613 1259 758 1338 ponimus,
787 1257 868 1338 quod
895 1258 923 1316 in
951 1257 1044 1336 prima
1066 1261 1153 1314 aetate
1175 1266 1327 1357 sucurnnpr.

161 1340 163 1345 ’
191 1341 339 1401 accidisse
352 1343 445 1403 relatu
459 1344 617 1403 multorum
630 1344 797 1414 didicimus,
809 1344 965 1422 exquibus
980 1350 1028 1401 est
1043 1348 1153 1400 sanctae
1174 1321 1304 1428 ἱᾞξὶἷᾞῖεἷ

165 1429 343 1487 omemoriae
357 1429 516 1509 episcopus
530 1429 637 1499 Tuma‚
653 1431 703 1509 qni
720 1428 880 1509 spiritalem
903 1428 961 1486 Dei
979 1428 1153 1487 electionem
1175 1421 1252 1459 ‘¹¹⁰‘⁸‘¹·

192 1512 429 1591 praedestinatam
444 1535 462 1573 a
476 1515 586 1574 Sancto
598 1515 761 1575 cuthberto
778 1515 900 1574 audiens
911 1513 1016 1572 didicit
1029 1521 1059 1573 et
1072 1533 1153 1591 pres·

192 1599 279 1677 byter
300 1604 408 1659 nostrae
431 1600 568 1682 ecclesiae
594 1600 689 1671 Elias,
707 1601 851 1660 dicentes.
878 1598 975 1671 <Dum
993 1619 1062 1677 ergo
1082 1618 1154 1677 puer

193 1691 275 1743 esset
288 1705 428 1745 annorum
443 1696 523 1756 octo,
538 1705 640 1746 ornnes
655 1695 813 1746 coetaneos
828 1687 858 1744 in
872 1685 1004 1764 agilitate
1024 1693 1055 1742 et
1068 1692 1154 1763 petu-

193 1769 286 1828 lantia
308 1791 462 1850 superans,
486 1773 529 1831 ita
557 1780 590 1830 ut
618 1793 697 1853 saepe
719 1784 877 1853 postquam
901 1770 988 1830 fessis
1016 1769 1153 1829 membris

153 1872 184 1916 ιο
193 1857 420 1935 requiescebant
434 1857 494 1927 alii,
508 1857 558 1915 ille
573 1857 671 1917 adhuc
685 1859 714 1917 in
728 1859 796 1918 loco
810 1857 886 1936 joci,
901 1856 988 1935 quasi
1001 1857 1029 1914 in
1045 1855 1154 1924 stadio,

192 1941 387 2020 triumphans,
424 1942 553 2022 aliquem
589 1964 691 2003 secum
727 1943 929 2003 ludificantem
956 1947 1154 2020 exspectaret.

192 2027 278 2085 Tunc
292 2030 463 2106 congregati
482 2038 551 2088 sunt
563 2029 693 2106 quadam
706 2029 755 2088 die
770 2029 854 2088 multi
867 2031 996 2106 juvenes
1010 2028 1038 2084 in
1057 2026 1155 2105 campi

192 2111 356 2192 planitiem,
370 2115 445 2172 inter
463 2135 539 2193 quos
559 2114 609 2173 ille
628 2117 776 2186 inventus,
797 2124 827 2174 et
840 2115 906 2193 joci
925 2114 1109 2182 varietatem,
1124 2119 1155 2170 et

194 2198 400 2258 scurrilitatem
420 2220 507 2277 agere
527 2209 692 2280 coeperunt;
716 2201 764 2260 alii
789 2219 915 2278 namque
938 2207 1050 2258 stantes
1072 2197 1153 2267 nudi,
1181 2194 1185 2200 ’

155 2301 184 2346 15
198 2285 292 2344 versis
311 2285 457 2364 capitibus
483 2294 586 2344 contra
609 2297 742 2346 naturam
765 2287 903 2345 deorsum
926 2283 965 2342 ad
987 2292 1102 2353 terram,
1125 2292 1155 2341 et

195 2372 335 2449 expansis
350 2372 494 2442 cruribus,
509 2372 599 2435 erecti
613 2372 707 2451 pedes
720 2371 758 2430 ad
773 2372 865 2431 coelos
882 2389 997 2429 sursum
1017 2369 1153 2448 promini·

194 2457 286 2520 bant:
308 2456 357 2514 alii
372 2457 427 2527 sic,
442 2457 491 2515 alii
505 2477 575 2516 vero
590 2459 634 2517 sic
647 2456 791 2518 fecerunt.

241 2547 298 2615 55.
321 2540 439 2601 Interea
458 2542 578 2622 quidam
598 2543 694 2603 infans
713 2551 775 2602 erat
794 2562 862 2601 cum
881 2541 936 2610 eis,
956 2539 1047 2598 ferme
1069 2538 1155 2597 trium

195 2646 353 2694 annorum:
376 2628 424 2686 hic
439 2628 598 2707 incipiebat
615 2626 784 2689 constanter
797 2627 836 2687 ad
851 2647 917 2685 eum
932 2627 1041 2694 dicere,
1055 2631 1064 2657 ‘
1081 2624 1156 2683 Esto

154 2730 186 2774 2⁰
198 2712 324 2783 stabilis,
339 2725 369 2771 et
381 2714 512 2793 relinque
528 2715 688 2774 vanitatem
697 2714 782 2792 joci!
803 2765 805 2768 .
823 2713 886 2778 Qui
905 2720 935 2770 et
952 2711 1069 2770 iteravit
1085 2729 1154 2787 neg-

195 2799 296 2876 ligenti
318 2801 410 2858 verba
434 2801 572 2878 praecepti
596 2802 672 2878 ejus,
691 2800 810 2879 plorans
835 2804 865 2856 et
884 2797 1051 2866 lacrimans,
1074 2793 1155 2873 quod

196 2905 262 2944 eum
282 2904 356 2963 pene
377 2885 473 2944 nullus
497 2885 645 2944 consolari
665 2887 769 2965 potuit.
812 2885 971 2943 Postremo
993 2890 1090 2940 tamen
1111 2881 1155 2938 in-

196 2978 360 3047 terrogatus
389 2971 460 3050 quid
488 2971 544 3029 sibi
572 2981 663 3040 esset,
691 2971 819 3029 clamare
845 2969 944 3047 erepit,
969 2974 978 3000 ‘
1001 2967 1029 3026 Ο
1052 2974 1155 3032 sancte

197 3057 338 3135 episcope
356 3065 387 3116 et
405 3057 559 3136 presbyter
578 3055 751 3126 Cuthberte,
771 3057 836 3115 lraec
855 3055 909 3113 tibi
931 3061 960 3111 et
983 3052 1026 3110 tui
1047 3051 1155 3128 gradus

153 3159 185 3203 25
198 3141 344 3201 contraria
357 3150 478 3213 naturae,
493 3150 611 3221 propter
624 3143 784 3221 agilitatem
799 3161 855 3200 nou
871 3137 1070 3198 conveniunt!
1098 3136 1155 3198 Ille

197 3248 267 3288 vero
292 3247 349 3286 non
374 3228 449 3286 bene
471 3228 637 3305 intelligens
659 3228 767 3297 adhuc,
792 3235 886 3288 tamen
906 3225 970 3302 joci
996 3224 1155 3284 vanitatem

197 3312 414 3390 derelinquens
434 3314 580 3373 consolari
600 3313 739 3372 infantem
761 3313 865 3391 coepit;
890 3318 1096 3389 revertensque
1117 3308 1156 3367 ad

197 3399 317 3457 domum
341 3419 426 3458 suam
451 3399 611 3479 prophetiae
632 3401 723 3458 verba
747 3399 774 3456 in
797 3408 893 3456 mente
916 3397 1053 3465 retinens,
1079 3395 1156 3454 sicut

198 3493 303 3544 saneta
322 3484 421 3544 Maria
434 3485 531 3544 omnia
544 3486 636 3545 verba
651 3484 792 3566 praedicta
810 3482 884 3543 Jesn
904 3502 1069 3541 memorans
1084 3500 1155 3539 eon-

155 3587 188 3632 ao
200 3570 347 3631 servabat.

244 3852 255 3882 ³
273 3850 404 3936 tritam]
439 3857 495 3905 vit.
509 3858 584 3906 Pros.
596 3858 661 3918 Cap.
696 3857 763 3918 Cap.
780 3871 800 3919 r,
815 3856 866 3904 and
881 3855 949 3904 Acta
963 3854 1124 3915 Sanctorum,
1141 3857 1157 3901 9

201 3941 233 3987 1.,
245 3926 527 4063 ὃνῗιὲηιῦἷῗῦοῑξξὲνινὶεε
535 3998 661 4046 andmore
696 3928 857 4056 ΡΘιζἘΙὶαε]
875 3995 949 4043 Beda
957 3994 1020 4043 does
1030 3998 1074 4042 not
1085 4008 1156 4043 men·

201 4067 335 4128 generally
345 4067 431 4116 called
440 4063 598 4128 Trumuinc;
617 4082 661 4117 see
696 4069 749 4118 tion
762 4067 812 4115 this
825 4065 978 4115 individual.

202 4137 298 4190 Beda’s
318 4139 398 4187 Prose
416 4137 472 4188 Life
485 4137 513 4186 of
525 4139 660 4200 Cuthbert,
731 4135 751 4166 ²⁹
764 4129 942 4203 Consemutot]
953 4132 1155 4196 St.Lulre‚ii.5l.
