2850 4890
337 367 382 429 70
625 382 715 429 vrrs
734 383 765 430 s.
782 380 1015 442 consultori,

172 551 203 598 ι.
216 551 318 600 acar.
339 538 482 623 hymnos
507 539 592 604 hora
617 545 832 624 competente
856 539 1048 621 complevit.
1090 537 1140 602 At
1168 538 1302 616 Frater,

340 641 401 724 qui
436 661 513 704 eum
548 642 590 706 de
623 642 774 725 speculis
807 641 1084 723 praestolabatur,
1118 640 1302 723 perculsus

340 761 468 825 pavore
483 744 623 825 ingenti,
636 743 699 808 vix
711 761 782 826 prae
798 741 960 825 angustia
972 749 1146 824 premente
1161 742 1302 806 domum

341 851 486 907 nutante
498 863 617 926 gressu
631 845 808 926 pervenit3
830 844 1008 927 primoque
1019 862 1119 907 mane
1132 845 1304 909 accedens

342 944 386 1008 ad
412 963 490 1008 eum
513 964 589 1009 sese
615 945 650 1007 in
675 951 798 1009 terram
823 945 956 1021 stravit,
977 945 1116 1010 veniam
1140 946 1182 1009 de
1204 951 1305 1009 reatu
1331 966 1346 1007 a

342 1047 439 1110 stulti
461 1065 566 1111 ausus
586 1067 664 1110 cum
683 1047 858 1110 lachrimis
876 1047 1055 1128 flagitavit,
1070 1046 1121 1110 nil
1138 1046 1304 1109 dubitans

341 1147 437 1210 illum
459 1167 563 1211 nosse
587 1148 669 1230 quid
691 1149 767 1230 ipse
792 1155 897 1212 noctu
925 1148 1040 1230 egerit,
1058 1149 1184 1230 quidve
1203 1155 1303 1229 pate-

341 1255 444 1312 retur.
490 1247 555 1311 Cui
581 1248 649 1324 ille,
676 1247 813 1326 ‘Quid’
838 1250 960 1331 inquit,
985 1248 1129 1326 ‘habes
1159 1247 1303 1313 Fraterl

344 1347 437 1426 Quid
458 1348 596 1413 fecistil
628 1346 722 1413 Num
744 1357 899 1414 nostrum
924 1350 989 1413 iter
1008 1359 1211 1413 nocturnum
1230 1350 1303 1413 lus-

344 1451 465 1513 trando
493 1452 672 1533 explorare
702 1451 868 1515 tentasti?
913 1451 981 1514 Sed
1011 1471 1054 1514 ea
1080 1451 1192 1515 solum
1222 1470 1347 1516 con-ro

344 1551 473 1615 ditione
488 1552 554 1615 tibi
569 1551 634 1617 hoc
648 1552 807 1633 indulgeo
823 1552 1052 1629 commissum,
1065 1552 1095 1615 si
1107 1552 1303 1635 promiseris

345 1661 390 1732 te,
402 1674 480 1735 quae
492 1653 622 1731 vidisti,
636 1654 721 1717 nulli
737 1661 817 1717 ante
832 1673 945 1716 meum
960 1653 1090 1716 obitum
1103 1672 1180 1716 esse
1194 1653 1306 1717 dictu-

344 1755 442 1818 rum.'
486 1755 528 1818 In
547 1774 616 1837 quo
636 1755 794 1818 nimirum
807 1761 980 1837 praecepto
996 1754 1070 1837 ejus
1091 1762 1230 1818 secutus
1250 1763 1306 1819 est

345 1857 550 1937 exemplum,
575 1857 634 1939 qui
659 1856 851 1938 Discipulis
871 1856 907 1917 iu
928 1855 1050 1919 Monte
1070 1874 1142 1918 suae
1163 1855 1305 1937 gloriam

345 1955 537 2039 majestatis
558 1958 753 2032 ostendens
775 1957 836 2034 ait,
855 1953 1017 2020 ‘Nemini
1041 1957 1197 2020 dixeritis
1221 1975 1346 2021 vistis

345 2076 457 2134 onem,
482 2058 590 2122 donec
613 2058 724 2121 Filius
748 2057 896 2120 hominis
922 2077 943 2120 a
963 2058 1108 2121 mortuis
1128 2057 1305 2140 resurgat!

345 2157 607 2223 Promittentem
631 2178 711 2240 ergo
737 2178 815 2242 quae
839 2158 993 2241 jusserat
1019 2157 1174 2222 Fratrem
1201 2160 1305 2223 bene-

345 2258 444 2337 dixit,
455 2261 650 2342 pariterque
666 2261 802 2342 culpam
818 2268 853 2323 et
867 2260 1071 2336 molestiam,
1083 2277 1186 2342 quam
1200 2266 1306 2324 teme-

344 2361 455 2423 rarius
481 2361 687 2438 incurrebat,
713 2363 895 2442 abstersit3
919 2363 978 2444 qui
1001 2363 1173 2440 virtutem,
1201 2380 1305 2444 qnam

345 2459 490 2538 viderat,
509 2461 587 2543 ipso
602 2462 751 2539 vivente,
771 2463 909 2527 silentio
930 2470 1059 2544 tegens,
1073 2469 1155 2545 post
1173 2464 1305 2528 obitum
1316 2482 1347 2527 aa

346 2562 421 2644 eJus
436 2562 593 2645 plurimis
608 2564 760 2629 indicare
775 2565 921 2630 curavit.

698 2837 858 2903 CAPUT
881 2839 951 2902 XI.

350 3020 508 3091 Quomodo
523 3024 630 3086 nautis
646 3034 825 3110 tempestate
834 3026 1000 3111 preclusis
1014 3047 1150 3088 serenum
1164 3028 1308 3089 mamad

361 3135 476 3186 certum
491 3124 572 3186 diem
580 3125 783 3208 predixerit,
798 3136 829 3188 et
843 3128 962 3190 orando
972 3126 1057 3190 cibos
1069 3129 1293 3213 impetraverit.

348 3321 434 3405 §la
457 3324 587 3388 Cmrrr
610 3326 699 3390 inter
723 3329 793 3392 ista
815 3330 867 3392 vir
894 3329 962 3393 Dei
986 3333 1091 3396 etiam
1116 3331 1307 3414 prophetiae
1318 3349 1347 3394 aa

192 3457 215 3484 a
231 3456 262 3484 a·
348 3425 472 3506 spiritu
509 3428 649 3508 pollere,
679 3435 823 3492 ventura
855 3431 1049 3510 praedicere,
1078 3431 1307 3514 praesentibus

350 3525 509 3590 absentia
523 3528 695 3591 nunciare.
742 3526 901 3605 Quodam
920 3533 1045 3594 etenim
1067 3539 1217 3613 tempore
1232 3551 1308 3614 per-

350 3645 433 3707 gens
464 3626 506 3689 de
536 3647 599 3690 suo
628 3629 837 3692 monasterio
866 3650 927 3712 pro
954 3632 1172 3695 necessitatis
1201 3651 1309 3697 causa

387 3945 406 3974 ¹⁵
422 3943 543 4016 Nemini]
561 3949 772 3999 Meuaniae.
882 3946 902 3978 ²⁸
920 3950 969 3998 Sao
987 3945 1154 4020 Maiestate]
1190 3950 1233 4001 He
1253 3967 1308 4001 was

386 4015 406 4044 ²²
421 4013 592 4085 Caran1.]
620 4018 674 4068 vit.
694 4019 812 4086 Anou.§
847 4021 901 4070 still
912 4035 943 4069 au
957 4021 1051 4070 inmate
1063 4022 1092 4070 os
1100 4023 1223 4072 Melrose.

351 4092 398 4146 153
418 4089 472 4137 Vit.
485 4089 550 4138 Met.
564 4090 627 4149 Cap.
640 4102 678 4139 ιιι.
