2850 4890
266 339 331 404 ldd
560 353 653 403 vrrs
669 354 700 403 s.
718 355 942 418 cnonrumr,

94 525 129 576 a
139 526 240 577 noso
267 521 350 580 tnnc
367 523 403 579 et
419 511 608 579 secundm
621 512 795 577 cantando
808 518 1034 596 pervenerunt
1046 511 1225 596 psalmum,

266 617 327 699 qui
346 615 451 680 habet
467 615 504 680 in
522 614 650 698 capite,
663 618 675 648 ‘
688 613 797 692 Deus,
811 615 890 698 quis
909 614 1034 678 similis
1053 614 1119 679 erit
1132 614 1224 679 tibii'

268 717 376 801 Cujus
391 725 486 782 totns
500 716 564 781 hoc
579 725 719 782 resonat
732 724 861 796 textus,
869 716 962 799 qnod
975 716 1106 782 inimici
1119 716 1224 781 nomi-

266 819 323 883 nis
342 819 483 897 Christi,
501 820 576 886 sive
594 818 752 884 carnales
771 819 847 885 sive
867 817 1076 902 spirituales,
1095 837 1227 901 semper

267 921 448 986 ecclesiam
460 922 600 999 Christi,
611 941 745 1005 semper
753 922 904 987 animam
913 939 1085 1004 quamque
1095 919 1227 985 fidelem
1247 939 1259 982 o

267 1021 462 1106 disperdere
492 1043 534 1089 ac
559 1023 730 1107 dissipare
756 1031 942 1103 conentnr;
970 1023 1031 1086 sed
1060 1042 1080 1086 e
1109 1028 1226 1086 contra

266 1125 335 1209 ipsi
353 1125 490 1190 confusi
506 1133 542 1190 et
557 1126 753 1190 conturbati
769 1126 840 1190 sint
852 1124 994 1209 perituri
1008 1125 1047 1188 in
1066 1123 1227 1200 seculum,

267 1236 452 1293 enervante
480 1228 560 1292 illos
594 1227 755 1304 Domino,
783 1227 840 1291 cui
866 1245 937 1291 non
964 1232 1019 1290 est
1046 1225 1227 1309 quisquam

266 1330 400 1406 similis,
425 1329 486 1412 qui
518 1335 573 1394 cst
604 1328 700 1394 solus
732 1327 922 1393 altissimus
953 1347 1059 1410 super
1093 1343 1225 1390 omnem

265 1439 399 1496 terram.
458 1431 560 1496 Unde
597 1438 689 1496 recte
724 1430 871 1495 dabatur
909 1429 1056 1511 intelligi
1087 1427 1224 1493 coelitus
1236 1445 1261 1489 1o

265 1534 514 1617 dispensatum,
533 1541 575 1598 ut
596 1533 678 1598 talis
700 1533 869 1597 diceretur
888 1531 1044 1614 psalmus
1065 1550 1108 1594 ea
1131 1530 1226 1608 bora,

266 1655 337 1719 qua
352 1636 463 1700 exiret
476 1636 519 1700 de
534 1654 675 1719 corpore
689 1634 816 1711 anima,
831 1634 897 1711 cui,
905 1633 1052 1717 juvante
1067 1631 1226 1710 Domino,

95 1747 241 1801 altono.
265 1737 381 1801 nullus
408 1737 595 1820 praevalere
622 1742 744 1819 posset
769 1735 940 1799 inimicus.
986 1733 1228 1800 Sextodecimo

266 1846 451 1921 postquam
470 1840 715 1903 monasterium
738 1837 901 1904 fundavit
920 1856 1023 1915 anno,
1042 1836 1175 1920 quievit
1192 1837 1227 1900 in

266 1940 416 2005 Domino
451 1940 637 2019 consessor,
670 1941 779 2024 pridie
820 1940 937 2004 iduum
974 1939 1263 2018 Januariarum,1r

266 2041 424 2124 sepultus
440 2041 475 2104 in
491 2042 638 2106 ecclesia
652 2042 747 2107 beati
758 2042 922 2125 Apostoli
932 2041 1051 2123 Petri;
1071 2047 1112 2105 nt
1126 2060 1228 2124 quem

267 2143 394 2225 degens
413 2144 450 2207 in
470 2162 571 2209 carne
590 2164 727 2228 semper
751 2144 887 2209 solebat
909 2162 1034 2221 amare,
1053 2161 1123 2225 quo
1142 2162 1228 2226 pan·

267 2245 370 2310 dente
393 2245 539 2329 januam
564 2246 659 2329 regni
687 2245 840 2310 coelestis
868 2246 1030 2323 intrabat,
1056 2245 1100 2308 ab
1125 2243 1227 2328 hujus

265 2347 420 2431 reliquiis
433 2356 469 2413 et
483 2349 586 2413 altari
600 2356 681 2433 post
693 2355 838 2412 mortem
851 2367 915 2412 nec
935 2365 1075 2429 corpore
1092 2346 1228 2429 longius

268 2451 416 2514 abesset.
458 2451 626 2529 Sedecim,
637 2459 676 2515 ut
688 2450 849 2528 diximus,
860 2468 969 2514 annos
982 2449 1267 2513 monasteriumso

267 2552 375 2631 rexit3
400 2553 530 2635 primos
543 2562 622 2618 octo
638 2572 750 2635 perse
768 2552 843 2617 sine
860 2551 1002 2617 alterius
1017 2536 1238 2615 assumtione

268 2654 416 2732 abbatie,
444 2654 606 2738 reliquos,
632 2654 776 2718 totidem
803 2654 885 2718 viris
913 2651 1167 2719 venerabilibus
1191 2658 1229 2717 et

266 2757 397 2820 sanctis
418 2755 644 2840 Eostcrwyni,
665 2755 814 2839 Sigsrido
833 2762 870 2820 ct
894 2754 1064 2820 Ceolfrido
1090 2754 1227 2819 abbatis

267 2875 305 2921 se
318 2858 465 2937 nomine,
480 2859 687 2924 auctoritate
701 2865 738 2923 et
751 2857 863 2922 officio
871 2856 1096 2940 juvantibus3
1117 2856 1227 2939 primo

268 2967 415 3042 quatuor
429 2979 551 3038 annos,
566 2961 718 3026 secundo
733 2967 815 3038 trec,
829 2960 930 3024 tertio
944 2977 1058 3023 unum.
1237 2975 1268 3020 er

311 3059 402 3144 §lo
439 3060 510 3139 Qui
539 3062 676 3144 etipse
706 3062 839 3139 tertiuS,
866 3059 902 3124 id
932 3068 996 3136 est,
1025 3058 1228 3138 Ceolfridus,

267 3161 455 3225 industrius
484 3182 546 3245 per
574 3165 690 3227 omnia
717 3164 781 3241 vir,
810 3174 933 3227 acutus
966 3162 1114 3244 ingenio,
1146 3168 1228 3227 actu

266 3263 421 3343 impiger,
444 3270 599 3327 maturus
626 3266 752 3343 animo,
776 3265 949 3348 religionis
979 3264 1051 3328 zelo
1080 3262 1228 3343 fervens,

266 3364 373 3445 prins,
392 3362 484 3428 sicut
502 3371 537 3428 et
560 3385 665 3448 supra
688 3367 913 3445 meminimus
931 3364 1075 3447 jubente
1099 3366 1228 3447 pariter

267 3472 303 3529 et
325 3464 471 3546 juvante
500 3465 701 3546 Benedicto,
729 3468 975 3532 monasterium
1003 3467 1096 3531 beati
1125 3466 1229 3531 Pauli
1239 3485 1269 3530 ao

265 3564 426 3648 Apostoli
449 3573 582 3649 septem
607 3569 718 3646 annis,
741 3568 912 3646 fundavit,
938 3567 1093 3652 perfecit,
1114 3570 1228 3650 rexit3

266 3686 307 3731 ac
333 3666 456 3730 deinde
485 3669 620 3751 utrique
648 3672 867 3748 monasterio,
895 3670 952 3735 vel
981 3671 1072 3734 sicut
1100 3672 1227 3734 rectius

267 3767 379 3832 dicere
392 3786 588 3849 possumus
603 3771 640 3833 in
653 3771 786 3836 duobus
797 3772 884 3836 locis
895 3772 1010 3855 posito
1021 3772 1081 3835 uni
1093 3790 1230 3837 monas·

301 4048 321 4080 ¹⁴
338 4048 459 4112 oravit]
473 4034 726 4102 MatthewofWest-
763 4054 848 4103 whole
872 4059 945 4104 tenor
969 4057 999 4105 ot'
1024 4057 1068 4107 the
1097 4060 1225 4109 namative

264 4121 369 4170 minster
390 4121 556 4183 erroneously
579 4123 659 4172 refers
675 4123 727 4173 this
763 4125 849 4174 shows
869 4125 926 4174 that
944 4128 965 4174 it
985 4133 1054 4177 must
1071 4129 1138 4179 have
1162 4130 1226 4192 hap·

264 4197 340 4244 event
355 4196 381 4241 to
396 4204 424 4242 Α.
436 4204 464 4243 n.
478 4196 538 4257 703,
549 4192 667 4244 whereas
683 4194 727 4243 the
763 4196 846 4256 pcned
858 4196 885 4245 in
896 4200 955 4248 690.
