2850 4890
383 398 584 448 :nueroan
602 399 690 447 vnn.
708 399 819 447 arun.
1031 378 1096 445 159

131 568 367 644 spectantem·;
395 581 497 646 quem
523 564 697 646 elegerant
723 564 884 628 abbatem
907 563 1093 642 n'unciant;

130 663 231 726 ‘Deo
249 663 401 745 gratias,'
419 665 606 747 respondit,
626 664 827 729 electionem
846 664 1034 741 confirmat,
1058 672 1094 728 et

130 765 458 830 commendatoriam
474 768 518 831 ab
532 786 573 831 eo
588 766 769 850 epistolam
784 766 977 848 apostolico
991 785 1092 852 papae

130 863 296 947 Gregorio
324 867 545 932 deserendam
573 869 747 952 suscepit3
784 869 894 953 cujus,
921 869 1092 932 memoriae

100 987 116 1029 s
132 987 250 1045 causa,
262 970 459 1051 putavimus
475 969 581 1034 etiam
591 971 627 1032 in
638 969 703 1034 hoc
715 990 817 1055 opere
828 978 950 1045 versus
961 969 1094 1052 aliquot

131 1088 210 1134 esse
224 1070 412 1151 ponendos.

177 1272 263 1356 §iu
286 1272 456 1337 ‘Domino
474 1275 510 1337 in
528 1275 678 1338 Domino
699 1275 924 1339 Dominorum
943 1274 1095 1340 dilectis-

133 1376 232 1453 simo,
258 1382 376 1459 terque
405 1377 606 1441 beatissimo
631 1396 732 1461 papae
760 1377 935 1460 Gregorio,
964 1377 1096 1443 Hwaet-

133 1478 293 1541 berchtus
325 1478 464 1543 humilis
500 1498 619 1544 servus
649 1487 773 1557 vester,
803 1481 911 1544 abbas
945 1480 1095 1544 coenobii

90 1598 122 1642 ro
133 1579 327 1644 beatissimi
338 1577 587 1664 Apostolorum
599 1581 764 1664 principis
774 1581 870 1646 Petri
881 1581 917 1645 in
929 1581 1096 1661 Saxonis,

132 1688 335 1774 perpetuam
349 1682 386 1745 in
400 1683 549 1748 Domino
565 1683 722 1747 salutem.

149 1829 153 1835 -
176 1782 344 1849 ‘Gratias
360 1804 460 1867 agere
480 1804 549 1848 non
569 1803 668 1849 cesso
687 1784 937 1868 dispensationi
958 1787 1097 1868 superni

134 1885 316 1965 examinis,
327 1905 397 1950 una
410 1906 488 1950 cum
502 1887 632 1951 sanctis
646 1885 834 1965 Fratribus,
846 1887 904 1970 qui
917 1906 1049 1951 mecum
1061 1887 1096 1951 in

1110 578 1257 629 Α.1).716.

1111 1295 1248 1336 commenda-

1110 1354 1156 1397 tory
1167 1348 1226 1386 letter
1237 1354 1259 1385 to

1110 1400 1144 1437 ibe
1157 1408 1217 1448 pope.

133 1986 189 2050 his
212 1986 299 2051 locis
323 1986 368 2052 ad
390 1987 631 2054 inveniendam
648 1989 800 2070 requiem
824 1990 1005 2054 animabus
1024 1991 1096 2053 suis
1186 2004 1189 2013 ’

91 2107 122 2152 15
138 2088 384 2153 suavissimum
413 2088 542 2153 Christi
569 2088 691 2172 jugum
723 2096 859 2176 portare
892 2090 1099 2170 desiderant,

136 2190 228 2273 quod
249 2198 283 2254 te
304 2188 431 2254 nostris
454 2191 663 2273 temporibus
681 2198 752 2255 tam
774 2191 959 2275 glorificum
981 2193 1098 2258 electi-

136 2292 212 2356 onis
223 2311 287 2358 vas
299 2293 452 2375 regimini
464 2294 570 2357 totius
586 2293 742 2358 ecclesiae
754 2293 924 2377 praeficere
936 2293 1098 2377 dignatus

134 2401 199 2472 est,
226 2401 399 2476 quatenus
428 2414 489 2477 per
517 2393 581 2458 hoc
610 2413 678 2477 quo
705 2395 783 2477 ipse
809 2395 959 2477 impleris
983 2397 1099 2461 lumen

137 2497 295 2561 veritatis
318 2503 355 2560 et
379 2496 468 2575 fidei,
491 2499 596 2562 etiam
620 2496 767 2561 minores
792 2517 948 2580 quosque
969 2498 1099 2564 affatim

92 2619 126 2664 ao
132 2598 256 2683 jubare
284 2619 357 2664 suae
386 2599 527 2682 pietatis
557 2607 763 2682 aspergeret.
813 2598 1100 2665 Commendamus

139 2708 256 2765 autem
287 2708 358 2764 tuae
395 2708 526 2764 sanctae
559 2701 774 2783 benignitati,
809 2701 1031 2766 dilectissime
1063 2701 1102 2766 in

140 2803 277 2868 Christo
300 2810 398 2886 pater
415 2810 450 2866 et
466 2802 614 2880 domine,
634 2803 847 2867 venerabiles
865 2803 974 2885 patris
993 2804 1102 2868 nostri

138 2905 354 2970 dilectissimi
378 2925 495 2984 canos
521 2905 684 2970 ceolfridi
708 2905 869 2970 videlicet
888 2905 1035 2983 abbatis,
1061 2925 1101 2970 ac

140 3008 318 3073 nutritoris
342 3009 535 3092 tutorisque
555 3015 681 3072 nostrae
701 3005 891 3090 spiritualis
910 3007 947 3070 in
966 3027 1104 3072 monas-

96 3129 128 3174 25
141 3109 211 3174 tica
225 3110 341 3192 quiete
356 3109 525 3174 libertatis
539 3116 575 3173 et
589 3109 697 3192 pacis.
740 3107 785 3172 Et
806 3107 950 3191 primum
965 3109 1103 3194 quidem

140 3212 269 3295 gratias
284 3211 416 3294 agimus
432 3219 563 3276 sanetae
579 3219 614 3275 et
628 3210 815 3275 individuae
824 3210 997 3290 Trinitati,
1010 3212 1102 3296 quod

140 3315 227 3397 ipse,
247 3315 314 3378 etsi
330 3334 400 3378 non
418 3314 492 3379 sine
511 3314 664 3378 maximo
684 3320 800 3377 nostro
821 3313 947 3390 dolore,
965 3314 1103 3396 gemitu,

139 3417 247 3502 luctu,
263 3435 303 3480 ac
318 3417 555 3499 prosecutione
566 3415 783 3480 lacrimarum
799 3435 821 3479 a
835 3416 934 3480 nobis
949 3416 1046 3494 abiit,
1058 3416 1102 3480 ad

141 3537 214 3582 suae
238 3524 355 3581 tamen
379 3518 437 3582 diu
462 3517 666 3582 desideratae
687 3516 814 3599 quietis
835 3517 961 3600 gaudia
981 3525 1104 3582 sancta

101 3639 132 3684 ao
143 3619 317 3703 pervenit3
339 3620 487 3697 dumea,
502 3639 579 3702 quae
590 3617 755 3701 juvenem
770 3637 808 3682 se
822 3618 962 3697 adiisse,
976 3619 1104 3683 vidisse

144 3729 249 3807 atque
264 3721 426 3786 adorasse
441 3740 573 3802 semper
583 3719 766 3784 recordans
778 3720 988 3797 exsultabat,
1000 3721 1105 3783 etiam

143 3824 240 3890 senio
258 3823 414 3889 defessus
437 3824 616 3915 beatorum
637 3820 883 3905 Apostolorum
902 3823 1048 3887 devotus
1066 3822 1106 3885 li-

143 3927 239 3990 mina
262 3925 409 4009 repetiit.
453 3924 500 3989 Et
526 3931 607 4007 post
630 3925 752 4008 longos
779 3923 927 4006 amplius
956 3924 1106 4005 quadra-

146 4028 241 4110 ginta
255 4046 420 4091 annorum
434 4026 569 4090 labores
588 4045 756 4109 curasque
773 4025 965 4102 continuas,
980 4023 1106 4107 quibus

106 4150 134 4194 aa
145 4130 363 4213 monasteriis
384 4128 539 4212 regendis
562 4128 698 4192 abbatis
715 4127 792 4212 jure
812 4126 960 4211 praefuit,
978 4127 1107 4190 incom-

145 4231 293 4316 parabili
312 4232 451 4298 virtutis
471 4249 598 4309 amore,
613 4230 713 4313 quasi
733 4248 843 4312 nuper
863 4229 907 4292 ad
927 4247 1107 4293 conversa-
