2850 4890
27 526 211 619 Mundenggmu,

35 634 111 680 4007.
152 636 192 681 60.

34 1650 108 1695 4021.
148 1649 190 1696 70.

230 337 295 402 170
439 357 525 403 vnu.
547 357 1011 421 nnnncuaouroou,s1vn

226 515 400 597 praedicat
446 513 578 593 Quarto
591 515 728 579 Claudii
743 535 834 580 anno
847 516 957 582 fames
972 519 1186 600 gravissima,

227 617 325 699 cujus
340 615 454 680 Lucas
468 617 632 695 meminit,
645 617 739 682 sacta
753 626 818 682 est.
861 617 991 683 Eodem
1006 639 1099 685 anno
1113 620 1188 702 ipse

227 717 432 782 Brittaniam
452 718 583 797 adiens,
597 739 699 802 quam
721 739 832 804 neque
853 728 935 785 ante
953 720 977 785 J
979 721 1087 786 ulium
1114 720 1189 786 Cae-

226 838 349 896 sarem,
365 839 476 901 neque
496 827 578 901 post
597 839 674 884 eum
692 822 876 904 quisquam
893 823 1061 906 attingere
1072 836 1188 888 'ausus

225 921 347 998 fuerat,
363 921 436 985 siue
451 920 522 984 ullo
536 921 660 1003 proelio
672 940 713 985 ac
728 923 906 1004 sanguine,
917 924 1010 988 intra
1019 924 1191 1007 paucissi-
1213 945 1226 987 a

225 1041 300 1085 mos
326 1021 399 1085 dies
431 1021 613 1104 plurimam
641 1022 766 1086 insulse
799 1026 994 1105 partemin
1022 1025 1188 1089 ditionem

224 1126 364 1207 recepit.
411 1124 565 1190 Orcadas
592 1125 697 1188 etiam
717 1125 850 1190 insulas
875 1125 1035 1192 Romano
1062 1126 1190 1210 adjecit

225 1227 379 1309 imperi0,
407 1246 449 1290 ac
485 1232 586 1290 sexto
613 1244 718 1308 quam
753 1226 926 1309 profectus
958 1235 1032 1293 erat
1062 1248 1190 1306 meuse,

227 1327 374 1392 Romam
400 1328 510 1392 rediit.
571 1325 675 1391 Nono
705 1328 800 1409 regni
834 1330 889 1393 sui
923 1348 1015 1393 anno
1044 1329 1189 1396 Judaeos

226 1431 472 1494 tumultuantes
489 1429 604 1494 Roma
623 1430 767 1511 expulit,
783 1430 875 1512 quod
893 1440 928 1495 et
947 1430 1063 1496 Lucas
1080 1431 1188 1497 refert
1200 1451 1227 1496 ιο

225 1531 390 1614 Sequenti
405 1551 495 1595 anno
508 1531 617 1595 fames
633 1532 786 1596 maxima
802 1529 950 1596 Romam
965 1534 1117 1615 corripit.

278 1633 373 1698 Nero
402 1652 512 1697 annos
542 1649 634 1709 1111,
661 1652 798 1697 menses
828 1651 898 1712 vu,
928 1633 1003 1699 dies
1035 1651 1188 1700 xxviii.

227 1735 342 1818 Hujus
369 1736 519 1800 secundo
546 1755 637 1799 anno
669 1735 795 1799 Festus
823 1733 960 1800 Judaeae
989 1744 1190 1819 procurator

227 1839 396 1902 successit
427 1837 545 1913 Felici,
574 1858 596 1902 a
621 1857 691 1920 quo
719 1837 851 1901 Paulus
877 1835 1026 1901 Romam
1051 1837 1189 1903 vinctus

226 1939 384 2016 mittitur,
407 1946 442 2002 et
464 1938 636 2002 biennium
659 1939 695 2001 in
717 1938 825 2002 libera
849 1957 992 2002 manens
1016 1939 1227 2018 custodian

227 2045 308 2122 post
335 2038 409 2103 haec
443 2038 486 2104 ad
521 2039 777 2122 praedicandum
815 2038 1012 2118 dimittitur,
1043 2041 1190 2105 necdum

228 2138 365 2203 Nerone
384 2141 419 2205 in
439 2146 539 2205 tanta
556 2148 753 2223 erumpente
774 2141 915 2216 scelera,
930 2148 1063 2223 quanta
1087 2142 1131 2207 de
1149 2161 1190 2206 eo

227 2248 369 2305 narrant
397 2240 562 2306 historiae.
611 2241 634 2306 J
637 2243 766 2307 aoobus
795 2242 900 2307 frater
928 2241 1080 2321 Domini,
1110 2263 1189 2307 oum

232 2359 322 2406 xxx
350 2345 449 2407 annis
477 2343 794 2428 Hierosolymorum
823 2345 973 2408 rexisset
995 2344 1189 2422 ecclesiam,

229 2445 375 2527 septimo
401 2444 549 2509 Neronis
569 2464 661 2509 anno
683 2445 857 2527 lapidatur
874 2464 896 2508 a
913 2443 1059 2522 Judaeis,
1080 2447 1229 2511 vindi-rr

229 2547 387 2610 cantibus
405 2547 441 2610 in
460 2546 531 2624 illo,
545 2548 637 2629 quod
657 2547 805 2611 Paulum
820 2545 1006 2611 interficere
1024 2548 1189 2630 nequive-

227 2656 317 2711 runt.
345 2647 450 2711 Festo
461 2648 496 2711 in
505 2647 706 2729 magistratu
716 2646 739 2711 J
742 2646 852 2713 udaeae
861 2647 1016 2712 succedit
1028 2646 1188 2726 Albinus,

227 2747 355 2812 Albino
376 2749 518 2830 Florus3
539 2749 637 2832 cujus
657 2749 829 2814 luxuriam
844 2758 880 2814 et
897 2751 1078 2815 avaritiam
1098 2758 1190 2815 cete·

226 2870 332 2934 raqne
347 2851 478 2933 flagitia
492 2871 561 2914 non
575 2850 722 2916 serentes
736 2849 760 2914 J
762 2852 863 2930 udaei,
876 2860 998 2916 eontra
1008 2850 1188 2916 Romanos

227 2953 486 3029 rebellaverunt,
501 2952 682 3018 adversum
698 2971 786 3035 quos
802 2951 1043 3035 Vespasianus
1062 2954 1189 3036 magis-
1199 2972 1228 3017 as

228 3062 280 3116 ter
306 3054 437 3118 militiae
467 3055 688 3118 transmissus
718 3053 884 3135 plurimas
912 3054 1016 3118 urbes
1052 3051 1188 3119 Judaeae

227 3155 329 3236 cepit.
388 3155 523 3218 Primus
554 3154 648 3218 Nero
677 3173 781 3236 super
812 3155 928 3218 omnia
960 3153 1093 3219 scelera
1122 3174 1187 3219 sua

227 3256 331 3319 etiam
361 3255 575 3320 Christianos
609 3258 837 3339 persequitur,
864 3276 1006 3339 quorum
1041 3257 1188 3321 eximios

228 3356 360 3434 Romae,
376 3357 514 3421 Petrum
529 3376 639 3435 cruce,
654 3357 802 3420 Paulum
817 3357 944 3421 occidit
959 3356 1085 3438 gladio.
1116 3357 1188 3422 Hie

227 3459 263 3522 in
277 3478 313 3522 re
326 3458 466 3522 militari
485 3458 570 3522 nihil
586 3459 723 3522 omnino
738 3476 858 3536 ausus,
874 3457 1082 3522 Brittaniam
1097 3478 1228 3542 peneto

228 3558 361 3638 amisit3
384 3578 463 3622 nam
483 3560 550 3622 dno
577 3560 641 3623 sub
666 3579 707 3621 eo
729 3559 946 3623 nobilissima
968 3560 1099 3642 oppida
1117 3561 1187 3625 illic

228 3668 332 3742 capta
347 3667 451 3742 atque
467 3679 588 3724 eversa
603 3669 693 3724 sunt.

274 3940 280 3967 ¹
301 3933 413 4007 Quarta]
434 3940 481 3987 See
492 3940 527 3987 H.
540 3941 572 3989 E.
588 3945 612 4003 1,
625 3942 687 4003 iitt
759 3939 778 3970 ¹⁰
794 3938 894 4008 Laeua]
922 3939 982 3991 Act.
995 3943 1065 4005 App.
1078 3945 1151 3994 xviii.
1161 3951 1186 3995 2.

757 4009 777 4039 ³⁰
794 4007 963 4080 Brittaniam]
991 4013 1026 4062 H.
1041 4015 1071 4083 B.
1083 4019 1108 4078 l,
1122 4016 1158 4064 iii.
1173 4015 1185 4081 ξ

233 4017 282 4108 100
298 4076 397 4148 Lucus]
424 4081 482 4128 Act.
497 4079 567 4141 App.
581 4081 615 4129 xi.
629 4086 670 4130 28.
727 4086 763 4131 ll.
