2850 4890
246 412 343 458 ursa.
362 412 676 461 raansnarronrs
694 413 722 459 s.
740 412 974 460 curunnnrr.
1048 397 1114 462 305

156 555 321 627 cuthberti,
336 579 406 618 ossa
419 559 577 619 venerandi
588 558 717 618 doctoris
730 557 824 619 Bedae
835 560 974 618 continet.
991 626 993 631 ,
1018 560 1113 620 Extra
1131 568 1166 617 A.
1176 570 1207 617 D.
1217 573 1274 620 aaa.

155 643 242 721 hujus
278 644 366 703 loculi
399 646 556 724 hospitium
589 665 675 704 nemo
707 654 821 723 quaerat
850 645 1014 724 portionem
1046 649 1113 724 ejus

156 727 363 806 reliquiarum’
934 752 938 759 ·

430 983 584 1045 CAPUT
605 982 835 1051 QUINTUM.

128 1159 233 1227 ⁵524.
262 1154 357 1213 POST
374 1155 541 1214 Eadmundi
558 1155 679 1225 obitum,
701 1155 931 1214 Dunelmensem
952 1156 1109 1215 ecclesiam
1132 1168 1219 1231 Miracte

158 1239 288 1318 Egilrico
311 1249 462 1318 regnante,
485 1242 624 1300 inusitata
647 1261 694 1299 res
724 1242 862 1300 ministris
882 1241 982 1299 altaris
1007 1242 1110 1320 procul
1131 1224 1283 1312 diss'gflssfflof

157 1324 247 1384 dubio
256 1327 328 1384 iram
338 1326 396 1384 Dei
407 1327 535 1385 ostendit
549 1327 706 1395 imminere,
718 1327 743 1384 si
752 1325 790 1384 ad
800 1336 1019 1385 sacrosanctum
1031 1348 1110 1406 mys·
1131 1285 1280 1413 ἓὲᾞῑῗω-

157 1411 261 1469 terium
276 1412 336 1469 sine
348 1413 484 1470 castitate
495 1421 672 1492 praesumant
686 1410 838 1471 accedere.
885 1413 1015 1478 Quidam
1030 1434 1111 1471 nam⁴
1133 1401 1194 1464 10‘562

157 1496 1111 1576 quepresbyternomineFleoccherfeminaecopulatusindignam

113 1595 146 1640 ιο
157 1582 247 1640 vitam
263 1581 399 1641 ducebat.
444 1580 498 1640 Ad
512 1603 599 1661 quem
611 1583 694 1641 multi
705 1590 764 1641 tam
775 1583 888 1642 nobiles
904 1603 992 1662 quam
1007 1583 1113 1662 privati

157 1665 287 1745 quodam
311 1666 359 1725 die
380 1665 548 1745 placitatori
572 1675 781 1737 convenerunt,
805 1677 895 1746 atque
924 1677 956 1727 ut
985 1669 1113 1726 Missam

156 1752 228 1830 ipsis
247 1759 313 1810 ante
333 1751 475 1832 placitum
494 1752 668 1821 celebraret,
684 1762 871 1830 rogaverunt.
918 1754 964 1810 At
982 1753 1043 1822 ille,
1063 1753 1114 1831 qui

158 1837 224 1915 ipsa
247 1844 334 1895 nocte
356 1857 423 1896 cum
447 1856 538 1895 uxore
563 1837 730 1906 dormierat,
756 1859 789 1897 se
813 1838 959 1897 facturum
983 1839 1113 1916 negavit,

157 1920 253 1981 donec
268 1921 386 1981 tandem
405 1922 462 1981 illis
478 1923 581 1992 semel,
595 1923 652 1991 bis,
667 1930 769 2003 terque
784 1923 966 2001 rogantibus,
982 1923 1113 1983 divinum

114 2021 144 2065 16
156 2007 289 2066 timorem
299 2007 372 2067 vicit
381 2008 509 2066 humana
518 2007 704 2068 verecundia.
751 2008 839 2068 Hora
850 2030 931 2079 vero,
941 2029 1002 2087 qna
1013 2029 1113 2067 sacro-

158 2099 291 2150 sanctum
310 2093 481 2171 mysterium
501 2102 563 2152 erat
586 2100 745 2163 sumturus,
766 2094 938 2173 particulam
966 2094 1113 2152 Dominici

159 2178 300 2256 corporis,
315 2197 381 2255 quae
401 2180 430 2236 in
450 2177 573 2237 calicem
593 2179 684 2237 missa
701 2177 808 2249 fuerat,
824 2181 865 2237 ita
885 2200 952 2238 cum
972 2180 1114 2256 sanguine

158 2264 186 2321 in
208 2264 382 2321 teterrimam
407 2263 536 2342 speciem
565 2272 775 2322 commutatam
800 2264 884 2332 vidit,
910 2273 942 2323 ut
968 2265 1062 2341 magis
1084 2265 1113 2322 in

159 2346 252 2406 calice
284 2348 359 2427 picis
388 2348 516 2406 colorem
544 2369 634 2426 quam
661 2350 746 2426 panis
774 2357 805 2408 et
831 2349 891 2407 vini
918 2351 1113 2428 conspiceret.

114 2446 147 2490 ao
159 2431 248 2491 Illico
267 2441 378 2492 reatum
396 2433 561 2510 intelligens
579 2433 689 2512 pallere
704 2443 734 2492 et
748 2434 834 2512 quasi
850 2433 974 2493 flammis
989 2437 1115 2514 jamjam

158 2517 309 2576 tradendis
338 2518 502 2588 ultricibus,
529 2518 649 2576 nimium
675 2519 765 2597 coepit
792 2538 909 2600 pavere.
961 2519 1115 2594 Praeterea

158 2603 281 2661 multum
301 2604 406 2661 anxius
426 2612 489 2662 erat
504 2603 575 2679 quid
591 2604 628 2663 de
642 2604 736 2662 calice
752 2602 850 2662 lacere
864 2603 996 2674 deberet,
1011 2613 1114 2684 utpote

158 2689 317 2747 exhorrens
327 2687 400 2746 illud
411 2688 492 2747 velut
502 2708 584 2746 suam
595 2686 718 2760 mortem
729 2709 854 2759 sumere,
866 2709 902 2748 ao
916 2690 1114 2760 nihilominus,

158 2774 296 2852 quoniam
317 2783 520 2832 consecratum
539 2781 612 2842 erat,
627 2775 654 2830 in
670 2783 775 2832 terram
793 2773 943 2832 effundere
963 2786 1112 2843 metuens:

117 2872 147 2917 25
159 2857 279 2916 taudem
294 2877 401 2935 magno
412 2878 479 2916 cum
493 2859 595 2917 timore
610 2879 647 2916 ac
661 2858 815 2918 formidine
826 2861 941 2928 sumsit,
958 2859 1011 2919 sed
1026 2868 1115 2918 tantae

158 2943 214 3002 luit
231 2942 442 3013 amaritudinis,
458 2951 491 3002 ut
509 2943 579 3001 nihil
597 2945 724 3002 amarius
743 2965 811 3002 esse
830 2946 983 3024 potuisset.
1027 2944 1116 3003 Cete-

158 3049 222 3086 rum
245 3038 367 3107 peracta
389 3029 491 3098 missa,
514 3027 668 3087 confestim
692 3028 731 3087 ad
756 3030 929 3109 episcopum
954 3030 1114 3099 festinavit,

202 3301 212 3332 ³
229 3304 414 3367 Reliquiurum]
445 3305 546 3352 Simeon
559 3304 620 3353 here
653 3304 729 3364 longe
739 3304 772 3352 ab
785 3303 848 3351 urbe
860 3303 957 3352 habens
970 3304 1116 3366 ecelesiam,

158 3374 289 3423 furnishes
301 3375 444 3424 additional
459 3374 620 3424 information
654 3374 797 3435 habitabat,
809 3373 855 3421 sed
875 3388 931 3422 cum
951 3375 1024 3422 uxori
1037 3389 1115 3437 copu-

159 3445 266 3505 tendiag
286 3450 312 3493 to
333 3459 411 3505 prove
434 3445 491 3493 that
514 3444 557 3492 the
579 3460 620 3492 re·
654 3444 723 3491 latus
734 3446 813 3504 esset,
825 3443 957 3505 indignam
975 3478 1062 3496 .....
1086 3445 1115 3494 S.

159 3516 242 3562 mains
261 3514 290 3563 of
302 3515 376 3563 Beda
392 3514 443 3563 had
461 3514 526 3563 been
539 3519 620 3563 trans-
656 3514 775 3561 Dunelm.
787 3527 819 3560 rrr
840 3527 867 3561 x.

159 3585 245 3634 ferred
258 3588 284 3632 to
298 3584 457 3645 Durhamhy
470 3584 513 3633 the
526 3584 622 3633 instru-
689 3579 709 3612 ¹⁷
725 3578 915 3649 Missasaerut]
944 3582 986 3631 An
999 3584 1116 3632 interest·

159 3654 295 3714 mentality
308 3653 394 3703 ot'this
407 3654 500 3703 Elfrid.
653 3653 698 3713 ing
710 3667 832 3714 passage,
842 3653 958 3714 showing
970 3668 1017 3702 one
1031 3653 1060 3701 of
1072 3654 1115 3701 the

204 3722 311 3786 ⁵Post.]
358 3726 388 3773 In
419 3725 547 3784 recasting
569 3722 621 3772 this
653 3723 747 3770 results
760 3723 790 3770 of
803 3722 846 3771 the
860 3723 970 3783 gradus}
985 3723 1115 3772 introduc-

159 3795 299 3854 narratire‚
320 3795 421 3843 Simeon
436 3794 483 3843 bas
504 3794 565 3842 here
584 3794 621 3840 in·
653 3793 706 3841 tion
719 3792 748 3840 of
761 3792 804 3840 the
816 3793 943 3841 doctrines
955 3792 985 3840 ol
998 3793 1115 3841 transub-

160 3863 622 3926 trodncedtwochaptersrespectiug
653 3863 802 3911 stantiation
829 3863 880 3910 and
905 3862 1029 3922 celibacy.
1065 3863 1114 3911 See

161 3933 539 3995 KingCnut’sdouations,the
550 3935 622 3994 siege
653 3929 803 3981 Mabillon's
822 3931 931 3980 Pret‘ace
949 3936 975 3979 to
991 3931 1049 3980 Act.
1066 3932 1112 3980 SS.

160 4004 190 4052 of
209 4004 325 4052 Durham
348 4003 445 4065 hythe
468 4005 551 4064 Scots,
570 4005 620 4052 and
654 4003 720 4050 0rd.
744 4002 770 4051 S.
797 4001 895 4049 Bened.
912 4015 965 4050 seo.
984 4001 1021 4052 iii.
1041 3999 1054 4066 ξ
1072 4006 1114 4050 75.

160 4073 205 4122 the
218 4074 317 4134 history
330 4074 360 4121 of
368 4074 462 4135 hishop
475 4073 584 4135 Egilric.
654 4073 756 4121 Simeon
774 4071 835 4119 herc
854 4070 940 4132 reads,
956 4085 1023 4132 quae,
1036 4073 1114 4131 juxta

203 4140 214 4170 ⁹
232 4138 378 4213 Menoeten]
420 4144 550 4193 Feoccher
571 4157 621 4191 non
654 4156 759 4205 morem,
771 4141 850 4189 missa
858 4140 944 4190 iuerat
954 4142 980 4188 in
990 4141 1104 4191 calicem.

182 4244 272 4290 ΤΟΜ.
290 4243 331 4290 11.
829 4241 855 4289 X
