2850 4890
284 355 326 417 14
570 372 654 419 vim
677 371 706 418 s,
732 371 952 434 susannam,

281 530 404 595 Rubra
422 529 494 592 suis
512 530 685 612 quondam
703 531 819 614 pelagi
837 534 897 614 qui
913 532 1032 596 limina
1049 533 1181 615 pandit,

282 631 385 695 Nube
403 630 553 708 domum,
572 632 687 696 nimbo
705 651 840 714 panem,
859 633 921 696 dat
935 633 1062 716 pocula
1079 653 1178 710 saxo,

281 732 406 797 Noctis
426 739 462 796 et
481 731 677 810 horriferas,
699 732 838 797 flamma
865 734 962 810 duce,
984 735 1126 799 discutit
1152 754 1227 798 um·

431 834 534 913 bras3

279 931 396 999 Tanta
413 932 486 997 dies
503 953 655 1017 praesens
673 935 774 1019 cujus
792 933 833 998 de
851 954 992 998 munere
1009 935 1100 998 dona
1256 944 1270 986 ⁵

280 1031 489 1111 Promeruit,
506 1053 576 1117 qua
593 1042 691 1098 terna
708 1036 802 1118 magi
819 1034 984 1099 thesaura
1000 1035 1149 1100 ferentes

280 1131 467 1199 Mortalem
484 1154 669 1218 regemque
688 1136 870 1219 Deumque
892 1143 1035 1200 tuentur
1051 1143 1087 1199 et
1103 1143 1225 1215 orant;

279 1232 359 1313 Qua
370 1235 467 1301 lavat
482 1235 557 1319 ipse
568 1254 632 1299 suo
645 1236 816 1300 Dominus
827 1237 1037 1319 baptismate
1046 1237 1224 1313 mundum,

277 1334 407 1400 Clausa
424 1335 484 1401 diu
500 1355 657 1400 reserans
675 1335 893 1401 credentibus
910 1336 1041 1401 aethera
1057 1337 1180 1418 seclis3

276 1435 405 1501 Dulcia
421 1456 492 1519 qua
507 1435 613 1501 fontis
631 1437 781 1519 flagrant
799 1437 841 1501 de
858 1438 997 1520 gurgite
1014 1437 1106 1515 vina,
1239 1446 1269 1491 10

277 1535 423 1601 Munere
440 1536 552 1621 deque
561 1539 686 1602 rubent
696 1538 837 1602 Domini
848 1558 911 1621 per
920 1536 1047 1621 pocula
1055 1537 1222 1623 lymphae3

275 1637 333 1702 Sic
359 1657 497 1721 quoquc
524 1645 644 1702 nostra
662 1638 739 1702 Deo
765 1646 921 1702 remeant
947 1637 1035 1702 duce
1056 1657 1224 1722 prospera

426 1736 541 1814 credo,
1033 1814 1035 1818 .

276 1836 381 1901 Illum
398 1839 428 1901 si
445 1838 603 1918 rogitans
620 1836 733 1903 firmet
750 1837 878 1901 fiducia
894 1840 1041 1921 pectus!

325 1937 415 2002 Haec
432 1937 492 2002 ubi
509 1936 614 2015 dicta,
631 1937 711 2002 freti
728 1940 841 2002 socios
858 1940 924 2003 sub
939 1939 1057 2004 littore
1073 1939 1200 2002 sistens
1234 1953 1265 1997 is

274 2037 400 2103 Suerat
416 2039 476 2103 ubi
492 2037 616 2120 vigiles
633 2039 782 2122 supplex
795 2039 870 2124 jam
888 2040 1168 2119 ducerenoctes3

273 2137 347 2203 Ceu
364 2140 481 2203 decisa
497 2138 594 2204 videt
610 2140 715 2222 piscis
733 2140 801 2204 tria
818 2141 950 2204 viscere
966 2139 1090 2216 frusta,

274 2239 320 2304 Et
337 2240 483 2321 genibus
502 2240 690 2304 Dominum
708 2240 832 2323 positis
849 2240 1066 2305 venerandus
1084 2240 1219 2318 adorat,

273 2339 452 2404 Laudibus
469 2340 692 2404 accumulans
709 2339 789 2403 fidei
806 2341 1001 2406 venerabile
1017 2342 1156 2406 donum.

272 2439 320 2506 Et
336 2460 452 2525 super,
469 2450 509 2507 ut
526 2441 630 2519 vatis,
648 2440 842 2507 ‘Convivia
859 2441 1016 2520 solibus,'
1033 2443 1159 2526 inquit,
1231 2460 1264 2503 ao

272 2546 282 2574 ‘
296 2540 464 2607 Conditor
480 2540 654 2624 aequavit3
671 2542 797 2624 quibus
810 2543 910 2620 actis,
923 2563 1066 2628 aequora
1076 2542 1218 2626 placans

272 2641 452 2726 Navigero
468 2643 618 2725 patriam
636 2649 700 2706 nos
716 2642 805 2707 calle
821 2643 964 2709 reducet
980 2643 1025 2708 ad
1044 2643 1164 2708 oram.'

270 2743 362 2807 Tum
379 2743 510 2809 laribus
527 2749 660 2808 torrent
676 2744 810 2827 epulas,
827 2752 1013 2827 gratesque
1030 2742 1181 2826 gerendo

271 2844 439 2910 Exhibita
456 2845 571 2910 triduo
588 2851 746 2912 recreant
763 2845 852 2928 dape
869 2844 1008 2909 coelitus
1026 2851 1135 2930 artus,

271 2944 361 3023 Quae
378 2965 470 3011 nova
486 2945 617 3009 mellito
635 2952 786 3009 testatur
803 2944 895 3010 dona
911 2965 1047 3030 sapore.
1232 2974 1264 3019 25

270 3045 421 3128 Jamque
439 3046 494 3109 die
512 3052 637 3128 quarto
654 3045 726 3109 laeti
744 3047 962 3111 cessantibus
980 3047 1108 3111 austris

270 3144 407 3208 Blanda
422 3145 639 3209 salutiferum
656 3146 799 3228 capiunt
808 3154 905 3211 trans
915 3167 1057 3231 aequora
1067 3154 1217 3229 portum.

304 3448 460 3516 ¹⁷Fr1uta.]
496 3453 528 3502 Id
553 3459 601 3518 est,
630 3456 728 3506 delfinae
792 3453 1089 3519 2’ᾸῬαίνὶαηι...ονιυη.]
1102 3456 1218 3504 Patrium

267 3525 361 3587 camis,
374 3526 403 3574 C.
414 3525 489 3586 gloss.
757 3564 764 3578 .
778 3565 785 3579 .
798 3563 804 3577 .
817 3543 913 3591 arvum,
927 3528 956 3578 C.
