2850 4890
278 351 342 416 190
474 366 561 414 vsu.
579 365 690 414 nune
706 363 943 427 cuaourcou,
959 363 1044 413 srva

84 545 252 638 mfflm
321 524 392 589 Leo
408 545 517 590 annos
535 540 631 589 xvrr.
676 523 746 588 Hic
760 543 823 607 pro
835 523 945 589 Tomo
959 523 1229 589 Chalcedonensi

83 624 167 701 442ss
190 626 260 702 ηοξ
277 627 546 708 peruniversum
561 628 677 692 orbem
697 625 841 709 singulis
861 625 1130 690 orthodoxorum
1141 628 1230 710 epis·

277 730 375 811 copis
411 729 565 810 singulas
601 735 898 811 consonantesque
925 726 1020 792 misit
1052 727 1230 811 epistolas,

277 830 419 913 quidde
434 830 553 895 eodem
568 829 679 894 Tomo
692 829 858 894 sentirent
871 829 1011 893 rescribi
1027 829 1095 914 sihi
1112 838 1230 912 postu-

275 930 373 1012 lans;
395 951 540 1014 quorum
565 932 652 997 adeo
675 930 903 995 consonantia
928 930 970 994 de
996 948 1079 995 vera
1104 928 1266 994 Christis

275 1031 509 1097 incarnatione
526 1033 680 1116 suscepit
699 1032 849 1096 omnium
866 1033 1044 1114 rescripta,
1058 1050 1099 1095 ac
1114 1032 1147 1095 si
1161 1050 1229 1095 uno

274 1140 425 1216 tempore
450 1153 586 1216 unoque
612 1133 765 1198 dictante
789 1132 937 1196 fuissent
960 1132 1125 1196 universa
1150 1151 1229 1196 con·

274 1235 413 1318 scripta.
457 1234 694 1299 Theodoretus
718 1233 902 1317 episcopus
925 1232 1089 1312 civitatis,
1110 1253 1189 1315 quae
1208 1253 1230 1297 a

274 1333 365 1417 Cyro
389 1335 573 1400 Persarum
597 1355 676 1418 rege
696 1334 836 1399 condita
859 1334 939 1418 Cyri
957 1354 1081 1399 nomen
1097 1334 1229 1414 habuit,
1325 1337 1329 1344 '

273 1437 392 1500 scribit
425 1437 468 1501 de
501 1456 583 1501 vera
611 1436 848 1501 incarnatione
874 1435 1016 1500 Domini
1045 1436 1229 1501 salvatoris
1240 1456 1268 1501 ro

274 1537 439 1601 adversus
471 1535 672 1620 Eutychem,
703 1544 738 1600 et
771 1535 977 1601 Dioscorum
1006 1535 1229 1603 Alexandria

273 1638 483 1720 episcopum,
501 1640 562 1721 qui
586 1638 771 1703 humanam
793 1639 830 1701 in
851 1635 987 1702 Christo
1013 1657 1151 1702 carnem
1170 1659 1228 1703 ne-

273 1747 375 1820 gant3
397 1739 537 1821 scripsit
554 1747 590 1804 et
607 1738 799 1804 Historiam
819 1737 1102 1804 Fcclesiasticam
1121 1760 1145 1805 a
1161 1741 1228 1806 fine

271 1838 435 1904 librorum
459 1840 600 1904 Eusebii
624 1860 735 1923 usque
755 1840 800 1905 ad
820 1860 921 1904 suum
940 1847 1087 1923 tempus,
1105 1843 1141 1906 id
1164 1851 1228 1921 est,

271 1959 381 2022 usque
401 1941 444 2004 ad
464 1941 641 2024 imperium
656 1941 782 2005 Leonis
796 1940 910 2025 hujus,
928 1942 992 2006 sub
1008 1961 1078 2025 quo
1090 1951 1126 2008 et
1139 1963 1228 2008 mor·
1238 1963 1266 2007 rt

271 2048 352 2105 tuos
366 2050 430 2106 est.
466 2040 654 2119 Victorius,
663 2043 808 2126 jubente
819 2062 913 2127 papa
926 2043 1075 2122 Hilario,
1089 2045 1229 2129 scripsit

272 2141 476 2207 Paschalem
492 2144 658 2208 circulum
676 2159 823 2207 nxxxrr
841 2162 1016 2208 annorum.

314 2243 434 2308 Zenon
458 2264 568 2310 annos
588 2260 683 2309 xv11.
726 2244 860 2327 Corpus
876 2245 1046 2310 Barnabae
1064 2247 1226 2328 apostoli,

271 2350 306 2407 et
325 2343 549 2427 Evangelium
570 2345 733 2412 Matthaei
750 2347 824 2431 ejus
844 2348 936 2430 stylo
957 2347 1135 2430 scriptum,
1148 2349 1225 2432 ipso

269 2445 455 2524 revelante,
468 2447 643 2529 reperitur.
688 2446 847 2512 Odoacer
863 2467 924 2512 rex
939 2447 1132 2512 Gothorum
1152 2449 1263 2514 Rosa

269 2565 360 2609 mam
380 2548 538 2624 obtinuit,
552 2568 657 2632 quam
670 2569 716 2613 ex
731 2569 772 2614 eo
790 2556 941 2632 tempore
961 2550 1090 2614 diodus
1107 2569 1224 2616 eorum

268 2665 363 2729 reges
389 2653 538 2711 tenuere.
583 2647 722 2714 Mortuo
750 2649 965 2715 Theodorico
992 2650 1118 2715 Triarii
1143 2652 1224 2730 filio,

269 2747 360 2812 alius
379 2747 625 2827 Theudoricus,
648 2759 872 2832 cognomento
895 2751 1069 2831 Valamer,
1091 2751 1224 2819 Gotho-

168 2853 172 2861 '
268 2868 343 2912 rum
363 2852 518 2933 suscepit
536 2871 689 2934 regnum,
703 2853 763 2935 qui
782 2862 961 2935 utramque
981 2846 1223 2920 Macedoniam

266 2950 551 3036 Thessaliamque
571 2954 802 3037 depopulatus
822 2962 887 3032 est,
901 2961 936 3018 et
955 2955 1102 3036 plurima
1120 2958 1261 3040 regias

267 3052 419 3118 civitatis
434 3055 512 3119 loca
531 3054 609 3136 igne
625 3055 836 3119 succendens
852 3054 991 3120 Italiam
1010 3075 1149 3140 quoque
1170 3058 1222 3122 in·

264 3152 374 3218 festus
409 3156 604 3238 occupavit.
662 3154 861 3220 Honoricus
893 3176 955 3220 rex
984 3155 1222 3224 Vandalorum

265 3253 416 3317 Arianos
440 3254 477 3318 in
506 3255 637 3332 Africa,
665 3257 834 3321 exsulatis
866 3255 1107 3339 diffugatisque
1141 3259 1221 3342 plus

264 3372 368 3434 quam
395 3371 597 3420 cccxxxiv
621 3357 795 3439 episcopis
824 3357 1023 3436 Catholicis,
1050 3359 1221 3426 ccclesias

264 3472 380 3518 eorum
403 3456 538 3534 clausit,
558 3458 692 3541 plebem
712 3459 818 3524 variis
839 3458 953 3524 affecit
972 3460 1165 3542 suppliciis,
1184 3472 1261 3529 eta

265 3554 402 3638 quidem
417 3556 602 3621 innumeris
617 3578 740 3623 manus
755 3559 961 3625 abscindens
974 3560 1110 3643 linguas
1130 3584 1218 3647 praa·

264 3655 359 3731 cidit,
378 3676 441 3720 nec
461 3664 575 3721 tamen
593 3659 763 3741 loquelam
784 3660 973 3725 Catholicae
993 3661 1220 3732 confessionis

263 3757 392 3838 eripere
416 3759 540 3839 potuit.
586 3758 770 3838 Brittones
794 3761 880 3824 duca
905 3759 1088 3826 Ambrosio
1110 3763 1223 3849 Aure,

263 3857 356 3921 liano
370 3859 443 3922 viro
457 3861 623 3937 modesto,
635 3862 694 3943 qui
710 3862 805 3926 solus
820 3861 906 3926 forte
922 3862 1089 3928 Romanae
1103 3870 1215 3948 gentis

506 4091 525 4119 ³³
542 4089 686 4161 Amana]
708 4095 744 4144 rr.
757 4098 788 4145 n.
802 4102 827 4160 1,
839 4098 891 4147 xvi.
906 4099 919 4161 s
933 4102 975 4148 as.
