2850 4890
406 419 587 467 nucronn
604 420 692 468 vnn.
710 421 822 469 unna.
1028 402 1092 467 117

132 572 230 655 gavit
252 594 341 638 unus
365 595 409 639 ex
432 576 493 656 eiS,
515 585 698 642 veteranus
721 587 757 644 et
779 577 984 644 venerabilis
1007 578 1089 643 vitae
1108 589 1141 639 A.
1151 588 1184 640 u.
1193 592 1254 641 our.

131 675 332 754 monachus,
367 676 465 741 fortis
502 678 640 760 quidem
674 680 751 758 fide,
786 680 846 744 sed
885 680 1088 767 dysenteriae

131 780 250 842 morbo
271 799 412 863 corpore
425 781 500 865 jam
519 781 632 845 factus
651 783 844 862 imbecillis,
864 783 956 847 ‘Dic
971 782 1090 860 nobis,'

131 879 302 961 inquiens,
318 882 476 945 ‘domine
490 881 664 965 episcope,
680 884 818 965 quando
833 884 977 948 reditum
993 890 1089 947 tuum

100 999 275 1064 esperare
305 982 509 1048 debeamus!
552 985 603 1049 At
631 986 689 1050 ille
720 986 920 1068 simpliciter
946 985 1088 1048 interro-

132 1082 240 1162 ganti,
273 1083 474 1166 simpliciter
501 1091 536 1148 et
563 1085 639 1168 ipse
671 1086 762 1168 quod
798 1106 914 1151 verum
946 1093 1090 1150 noverat

130 1183 300 1264 pandenS,
325 1183 520 1263 ‘Quando'
549 1185 672 1269 inquit,
701 1191 843 1251 ‘meum
871 1205 995 1269 corpus
1022 1185 1088 1250 huc

131 1283 307 1349 referetis?
352 1285 421 1365 Qui
437 1307 515 1350 cum
530 1287 616 1351 duos
632 1287 735 1352 ferme
755 1308 889 1352 menses
909 1288 945 1352 iu
964 1307 1088 1369 magna

130 1390 286 1471 repetitoe
327 1409 399 1455 suae
438 1392 564 1474 quietis
608 1393 840 1458 exsultatione
877 1394 1090 1475 transigeret,

85 1490 240 1554 romulto
264 1499 438 1558 consuetae
465 1493 690 1558 districtionis
716 1494 825 1577 rigore
848 1512 972 1576 corpus
995 1514 1089 1558 men-

130 1600 269 1675 temque
290 1595 545 1677 constringeret,
567 1604 722 1678 arreptus
744 1595 940 1659 infirmitate
962 1596 1088 1672 subita,

130 1696 331 1778 temporalis
348 1697 425 1778 igne
445 1697 572 1760 doloris
592 1696 635 1760 ad
656 1704 831 1780 perpetuae
852 1696 959 1778 coepit
980 1696 1089 1760 beati-

130 1794 261 1877 tudinis
290 1797 416 1878 gaudia
445 1797 644 1880 praeparari.
703 1797 810 1881 Cujus
839 1798 971 1861 obitum
1002 1798 1088 1862 libet

131 1897 246 1961 verbis
276 1897 383 1975 illius,
412 1898 509 1981 cujus
539 1897 703 1962 relatione
738 1898 854 1976 didici,
888 1898 1088 1978 describere,

86 2017 118 2062 rs
134 1997 320 2077 Herefridi,
341 1999 510 2077 videlicet,
534 1999 667 2064 devotae
693 1999 865 2082 religionis
889 2003 1088 2084 presbyteri,

130 2099 192 2183 qui
213 2100 319 2165 etiam
336 2107 419 2164 tunc
434 2099 705 2166 Lindisfamensi
725 2103 932 2166 monasterio
952 2104 1086 2167 abbatis

126 2201 205 2285 jure
219 2201 367 2285 praefuit.

175 2303 195 2386 ξ
209 2304 262 2368 60.
285 2309 295 2368 f
309 2304 455 2384 Tribus,’
469 2306 593 2389 inquit,
608 2312 619 2343 ‘
633 2305 900 2371 bebdomadibus
916 2306 1086 2370 continuis
1104 2322 1260 2411 {mmmmmd-

129 2405 327 2483 infirmitate
360 2406 533 2484 decoctuS,
567 2408 618 2472 sic
654 2407 697 2472 ad
733 2415 887 2472 extrema
920 2409 1086 2492 pervenit.
1104 2423 1244 2473 ere-witness·

86 2526 119 2571 ao
130 2505 311 2590 Siquidem
333 2516 458 2589 quarta
479 2507 565 2572 feria
587 2510 696 2592 coepit
721 2515 895 2590 aegrotare,
915 2517 950 2574 et
969 2529 1085 2574 rursus

131 2614 259 2691 quarta
272 2605 368 2686 feria,
384 2608 481 2672 finita
497 2610 709 2691 aegritudiue,
723 2610 883 2691 migravit
903 2610 946 2673 ad
967 2610 1087 2675 Domi-

129 2729 222 2772 num.
269 2708 318 2773 At
338 2728 415 2773 cum
434 2729 534 2774 mane
554 2711 664 2793 primo
690 2711 860 2775 inchoatae
880 2711 1086 2775 infirmitatis

130 2811 419 2889 venirem-nam
446 2818 481 2875 et
514 2820 594 2876 ante
625 2812 773 2876 triduum
801 2831 879 2875 cum
909 2812 1085 2876 Fratribus

129 2912 280 2976 insulam
293 2911 638 2995 adieram-cupiens
654 2914 766 2978 solitae
783 2912 1031 2978 benedictionis
1051 2921 1087 2978 et

88 3032 118 3076 25
130 3012 380 3077 exhortationis
410 3016 453 3078 ab
483 3034 524 3078 eo
552 3015 677 3079 solatio
711 3015 894 3098 percipere,
924 3023 973 3094 ut,
1003 3016 1085 3080 dato

125 3115 232 3199 juxta
257 3134 384 3179 morem
408 3117 517 3197 signo,
542 3137 596 3180 me
623 3115 806 3182 advenisse
835 3117 980 3200 prodidi,
1008 3138 1085 3200 pro-

130 3218 236 3281 cessit
251 3216 295 3280 ad
309 3216 504 3294 fenestram,
520 3225 556 3282 et
570 3218 737 3282 salutanti
753 3237 790 3281 se
804 3217 887 3281 mihi
901 3219 1085 3300 suspirium

129 3338 190 3401 pro
212 3336 377 3400 responso
398 3319 553 3382 reddidit.
598 3318 664 3382 Cui
687 3338 760 3400 ego,
784 3317 875 3396 Quid
899 3319 1017 3398 habes,
1035 3322 1086 3385 in-

130 3412 245 3502 quam,
274 3418 410 3483 domine
438 3419 485 3483 mi
510 3420 690 3502 episcope;
714 3440 759 3484 an
781 3419 866 3484 forte
896 3429 997 3485 nocte
1021 3422 1085 3486 hac

94 3530 212 3586 aotuus
239 3527 275 3584 te
300 3520 444 3604 languor
467 3520 606 3602 tetigit?
650 3519 699 3585 At
724 3521 792 3599 ille,
819 3521 946 3600 Etiam,
964 3522 1086 3605 inquit,

130 3623 275 3705 languor
298 3641 352 3685 me
374 3623 486 3705 tetigit
510 3630 609 3686 nocte
633 3622 707 3687 hac.
753 3622 923 3688 Putabam
944 3624 1087 3707 quiade

131 3724 237 3790 veteri
258 3743 323 3787 sua
342 3723 548 3803 infirmitate,
564 3725 662 3808 cujus
681 3725 884 3807 quotidiana
903 3744 991 3808 pene
1015 3745 1087 3788 mo-

131 3826 233 3913 lestia
248 3833 473 3890 consueverat
488 3825 648 3908 excoqui,
661 3845 731 3888 non
751 3833 866 3890 autem
883 3826 924 3890 de
939 3845 1030 3891 nova
1052 3833 1088 3891 et

165 4077 185 4110 ²⁰
205 4078 282 4142 Cupit
302 4073 441 4147 agrotum]
473 4079 595 4142 Namely,
614 4094 647 4127 on
666 4083 698 4128 27
718 4077 859 4142 February,
876 4093 940 4130 ab.
958 4083 1019 4140 68st
1042 4094 1086 4131 see

134 4151 209 4214 Pagi,
221 4151 256 4200 ad
268 4164 328 4200 aun.
341 4147 354 4215 t
365 4155 390 4201 5.
