2850 4890
201 341 269 406 250
576 354 789 402 suessoni.

203 511 316 583 posset,
342 503 472 581 agnovit.
517 502 589 568 Qua
618 503 646 561 iu
674 522 705 560 re
729 501 977 560 considerandum
1004 502 1093 562 uobis
1117 509 1162 561 est

201 608 291 668 quam
312 587 473 646 timendum
494 587 534 646 sit
555 587 761 666 omnipotentis
785 586 845 645 Dei
861 586 1020 664 judicium,
1039 588 1093 667 qui
1110 607 1161 666 per

201 674 285 732 illum
299 672 441 732 famulum
456 691 541 731 suum
556 679 601 730 tot
616 673 701 750 sigua
710 671 851 741 faciebat,
864 674 951 751 cujus
964 672 1088 752 culpam
1101 680 1160 731 tam

202 758 292 834 longo
308 765 439 837 tempore
452 756 551 816 adhuc
566 757 746 817 servabatis
760 757 948 834 cogitatione.

245 842 352 920 Igitur,
374 843 464 902 frater
486 843 650 914 carissime,
672 843 698 903 si
720 850 751 901 et
771 842 853 901 illum
878 842 1071 920 agnoscimus
1093 851 1161 921 post
1183 860 1197 902 u
1251 840 1255 849 ’

202 928 286 1005 signa
308 948 360 1007 pro
385 928 474 1007 culpa
501 935 659 998 mortuum,
687 947 777 1007 quem
803 928 842 986 ab
867 928 1070 1008 omnipotente
1092 927 1158 986 Deo

203 1012 336 1072 novimus
360 1014 508 1093 precipue
532 1014 676 1080 electum;
699 1020 811 1092 quanto
835 1033 889 1072 uos
914 1012 1060 1074 debemus
1081 1020 1159 1072 metu

202 1099 440 1168 contremiscere,
469 1098 519 1178 qui
552 1097 680 1158 necdum
707 1097 805 1158 adhuc
833 1098 980 1169 novimus,
1013 1098 1041 1158 si
1073 1097 1159 1158 electi

205 1183 329 1242 sumusl

246 1267 294 1326 De
311 1268 499 1346 reproborum
516 1288 586 1327 vero
605 1267 752 1327 miraculis
767 1266 840 1348 quid
854 1266 951 1326 dicere
967 1267 1077 1338 debeo,
1094 1286 1160 1326 cum
1170 1284 1199 1328 lu

203 1364 255 1411 tua
277 1353 352 1411 bene
377 1352 544 1412 fraternitas
568 1353 683 1412 noverit
706 1351 779 1431 quid
803 1353 831 1411 iu
858 1352 1022 1431 Evangelio
1052 1353 1159 1412 veritas

204 1437 287 1507 dicit,
308 1445 316 1471 ‘
335 1437 425 1496 Multi
444 1439 563 1497 venient
581 1437 611 1495 iu
631 1438 682 1496 illa
701 1437 749 1496 die
769 1435 903 1496 dicentes
922 1438 1004 1509 mihi,
1022 1437 1162 1507 Domine,

203 1524 232 1580 in
253 1523 368 1581 nomine
390 1531 441 1581 tuo
460 1523 711 1602 prophetavimus,
726 1532 758 1582 et
770 1523 799 1581 in
813 1523 928 1582 nomine
943 1532 996 1582 tuo
1015 1522 1163 1582 daemonia

204 1607 356 1685 ejecimus,
370 1617 400 1666 et
414 1609 441 1665 in
457 1617 508 1667 tuo
523 1610 639 1668 nomine
654 1610 777 1669 virtutes
795 1607 902 1667 multas
923 1607 1070 1667 fecimus?
1101 1606 1162 1666 Sed

205 1693 303 1751 dicam
323 1693 391 1763 illis,
413 1695 483 1770 quie
495 1695 598 1753 nescio
616 1695 667 1773 qui
687 1695 777 1761 estis:
799 1693 929 1754 recedite
951 1713 970 1752 a
988 1712 1037 1752 me
1058 1712 1161 1753 omnes
1171 1707 1199 1752 15

205 1778 328 1857 operarii
345 1778 528 1856 iniquitatis!
569 1777 669 1837 Valde
691 1798 760 1856 ergo
781 1777 958 1858 premendus
979 1786 1027 1837 est
1045 1777 1162 1838 animus

205 1863 279 1922 inter
308 1864 392 1941 sigua
420 1870 450 1921 et
473 1863 632 1931 miracula;
665 1883 703 1922 ue
725 1863 861 1922 fortassis
887 1862 916 1921 in
944 1863 991 1920 bis
1015 1864 1163 1942 propriam

207 1949 329 2026 gloriam
339 1957 462 2026 quaerat,
476 1958 505 2006 et
515 1948 628 2027 privato
638 1967 700 2007 suae
709 1947 897 2007 exaltationis
906 1946 1015 2024 gaudio
1022 1948 1160 2008 exsultet.

207 2032 271 2091 Per
290 2033 375 2110 sigua
394 2035 472 2092 enim
491 2034 650 2093 animarum
669 2034 752 2093 lucra
770 2031 930 2112 quaerenda
944 2041 1024 2104 suut,
1038 2040 1070 2091 et
1084 2033 1163 2092 illius

208 2118 311 2196 gloria,
331 2119 416 2196 cujus
436 2119 541 2177 virtute
563 2118 629 2199 ipsa
647 2118 751 2177 eadem
772 2120 856 2196 sigua
869 2127 1016 2196 geruntur.
1061 2118 1163 2177 Unum
1173 2133 1203 2179 tu

207 2223 277 2262 vero
293 2202 440 2262 Dominus
454 2204 540 2262 uobis
555 2205 671 2281 siguum
688 2203 781 2274 dedit,
795 2204 832 2263 de
849 2224 909 2282 quo
930 2209 960 2262 et
976 2203 1165 2264 vehementer

211 2287 349 2367 gaudere,
364 2298 396 2348 et
413 2289 567 2349 electionis
588 2289 708 2366 gloriam
729 2289 758 2347 in
777 2289 862 2348 nobis
881 2308 1040 2367 possumus
1054 2309 1164 2367 agnos-

208 2393 286 2444 cere,
301 2373 414 2444 dicens,
433 2373 493 2432 ‘In
513 2375 570 2434 hoc
589 2374 697 2434 scietur
716 2374 785 2453 quia
805 2375 862 2432 mei
881 2373 1019 2454 discipuli
1039 2376 1124 2446 estis,
1138 2375 1165 2433 si

206 2458 392 2519 dilectionem
413 2459 572 2518 habueritis
594 2457 633 2518 ad
653 2458 799 2518 invicem!
840 2457 933 2526 Quod
958 2459 1073 2536 signum
1095 2479 1164 2539 pro·

208 2544 299 2623 pheta
320 2545 496 2623 requirebat,
523 2563 590 2603 cum
615 2543 736 2614 diceret,
761 2544 850 2603 ‘Fac
873 2563 1001 2614 mecum,
1023 2543 1163 2615 Domine,
1174 2560 1202 2606 25

208 2629 322 2705 siguum
342 2629 371 2687 in
390 2630 511 2700 bonum,
531 2639 564 2688 ut
582 2628 703 2689 videant
716 2629 766 2708 qui
786 2628 910 2690 oderunt
922 2648 981 2699 me,
996 2637 1027 2688 et
1040 2629 1165 2688 confun-

209 2712 336 2772 dentur!

248 2797 330 2857 Haec
350 2805 449 2857 autem
467 2797 546 2869 dico,
563 2799 633 2876 quia
652 2797 794 2858 auditoris
808 2799 864 2857 mei
883 2798 1012 2858 animum
1026 2800 1054 2858 iu
1070 2800 1165 2859 humi·

208 2883 290 2941 litate
319 2893 446 2942 sternere
475 2884 572 2963 cupio.
623 2882 686 2942 Sed
714 2884 780 2963 ipsa
804 2893 856 2942 tua
883 2884 1033 2943 humilitas
1055 2885 1166 2944 habeat

208 2967 347 3027 fiduciam
371 2988 465 3028 suam.
510 2968 594 3027 Nam
617 2977 757 3047 peccator
781 2989 838 3046 ego
862 2989 945 3049 spem
971 2969 1165 3029 certissimam
1176 2987 1205 3032 to

209 3062 307 3122 teneo,
334 3054 404 3132 quia
427 3074 478 3133 per
506 3055 713 3133 omnipotentis
736 3053 885 3113 Creatoris
912 3073 949 3113 ac
974 3050 1167 3114 Redemtoris

209 3139 300 3197 nostri
323 3138 381 3196 Dei
402 3147 432 3197 et
456 3138 576 3198 Domini
594 3137 669 3198 Jesu
689 3137 799 3197 Christi
820 3139 942 3216 gratiam
956 3140 1022 3216 jam
1042 3147 1167 3219 peccata

208 3232 260 3281 tua
275 3222 400 3282 dimissa
419 3232 497 3292 sunt,
520 3222 680 3283 etidcirco
700 3224 812 3282 electus
832 3245 876 3294 es,
898 3231 930 3282 ut
947 3245 1000 3304 per
1020 3232 1049 3283 te
1069 3225 1166 3285 dimit·

209 3317 306 3367 tantur
320 3308 426 3367 aliena.
469 3308 540 3367 Nec
561 3309 683 3369 habebis
703 3309 815 3368 luctum
832 3309 870 3368 de
885 3310 1018 3388 quolibet
1035 3320 1119 3371 reatu
1137 3311 1167 3370 in

209 3400 370 3472 posterum,
385 3393 435 3471 qui
454 3392 492 3451 de
512 3394 668 3454 multorum
690 3393 882 3453 conversione
897 3394 1037 3472 gaudium
1050 3397 1204 3457 concriset

208 3478 307 3537 facere
341 3478 370 3536 in
405 3478 492 3537 coelo.
555 3478 640 3538 Idem
669 3500 750 3560 vero¹
767 3478 910 3538 Conditor
938 3488 969 3538 et
1000 3479 1167 3541 Redemtor

208 3569 318 3632 noster,
339 3583 406 3621 cum
426 3562 464 3621 de
485 3565 654 3642 poenitentia
673 3564 798 3624 hominis
817 3565 994 3644 loqueretur,
1015 3566 1067 3636 ait,
1094 3565 1168 3625 ‘Ita

208 3647 277 3706 dico
299 3649 394 3718 vobis,
411 3651 505 3727 majus
520 3651 659 3727 gaudium
675 3651 729 3709 erit
747 3650 776 3708 in
794 3650 869 3710 coelo
884 3671 972 3729 super
987 3670 1045 3709 uuo
1059 3671 1166 3730 pecca·

208 3743 272 3792 tore
291 3735 489 3812 poeniteutiam
512 3746 628 3813 agente,
651 3755 741 3814 quam
767 3756 854 3815 super
877 3735 1039 3812 nonaginta
1060 3756 1166 3797 novem

244 4006 263 4034 ¹²
282 4009 377 4070 Multi]
395 4011 433 4059 st.
447 4009 541 4058 Matth.
554 4009 598 4057 vii.
612 4014 653 4058 22.
739 4009 758 4037 ²⁵
777 4009 849 4071 Fac]
867 4010 940 4058 Psal.
955 4010 1045 4060 lxxxv.
1060 4015 1101 4060 1⁷.

245 4077 263 4104 ²³
280 4074 391 4146 Dicens]
409 4081 447 4128 St.
459 4080 538 4143 John,
551 4081 606 4129 xiii.
621 4084 660 4129 35.
739 4077 758 4108 ³⁷
775 4076 838 4148 Ita]
858 4081 894 4129 St.
906 4080 1000 4130 Matth.
1013 4081 1087 4131 xviii.
1102 4085 1142 4133 la.
