2850 4890
369 388 418 433 nu
435 387 507 434 sax
527 389 726 435 peramans
745 389 894 436 sucum.
1067 370 1131 436 195

176 542 235 604 ubi
256 551 397 627 accepta
417 547 636 628 baptismatis
656 548 776 627 gratia,
797 555 918 629 quarto
942 548 985 610 ab
1011 546 1129 611 eadem
1149 560 1323 652 Μιωιῶιιιιὸὴῆιιι

175 645 258 706 urbe
278 646 437 710 milliario
457 649 699 712 monasterium
724 650 859 712 abbatis
880 649 1059 713 Anastasii
1078 649 1130 710 in·
1147 639 1231 716 4591]
1248 639 1331 715 oros

175 745 291 822 travit,
301 749 360 809 ubi
374 766 427 810 vu
441 769 550 813 annos
565 751 762 831 regulariter
774 750 905 827 vivens,
917 751 998 814 dum
1013 750 1130 814 Caesa·

174 863 267 907 ream
288 846 485 915 Palaestinae
506 851 672 914 orationis
697 851 807 932 gratia
826 852 987 927 venisset,
1006 857 1129 931 captus
1195 908 1204 921 ,

145 963 160 1004 s
179 964 200 1007 a
223 946 339 1012 Persis
365 958 400 1014 et
423 952 532 1015 multa
558 952 616 1014 diu
639 953 781 1015 verbera
806 952 895 1015 inter
919 970 1072 1014 carceres
1095 957 1131 1014 et

174 1047 337 1125 vincula,
358 1050 569 1117 Marzabana
600 1054 728 1137 judice,
762 1072 957 1136 perpessus
990 1051 1128 1115 tandem

173 1149 320 1214 mittitur
346 1152 520 1217 Persidem
545 1155 589 1221 ad
614 1175 727 1237 regem
752 1174 867 1217 eorum
891 1153 1086 1229 chosroem,
1108 1171 1130 1214 a

175 1269 254 1332 quo,
271 1255 373 1317 tertio
394 1275 455 1337 per
473 1257 658 1321 intervalla
679 1257 840 1338 temporis
859 1256 1068 1329 verberatus,
1084 1252 1128 1316 ad

174 1359 361 1417 extremum
390 1376 460 1420 una
489 1377 678 1440 suspensus
711 1378 814 1423 manu
843 1377 905 1439 per
931 1363 1000 1419 tres
1027 1353 1128 1417 horas

130 1470 162 1514 ro
174 1452 252 1532 diei,
280 1456 332 1520 sic
365 1458 555 1523 decollatus
589 1481 666 1524 cum
703 1460 781 1524 aliis
817 1475 899 1522 Lxx
928 1456 1126 1538 martyrium

172 1557 365 1637 complevit.
410 1559 498 1623 Mox
515 1562 633 1625 tunica
653 1561 728 1644 ejus
748 1560 887 1624 indutus
903 1558 1040 1642 quidam
1058 1557 1127 1621 dae-

172 1656 349 1721 moniacus
365 1668 504 1724 curatus
520 1669 583 1725 est.
634 1661 771 1725 Interea
790 1661 1032 1743 superveniens
1049 1678 1126 1721 cum

173 1760 326 1823 exercitu
363 1761 548 1826 Heraclius
588 1764 759 1845 princeps,
795 1761 965 1844 superatis
1001 1760 1127 1836 PersiS,

173 1857 399 1940 Christianos,
411 1864 470 1946 qui
482 1872 579 1929 erant
591 1865 769 1947 captivati,
780 1863 917 1927 reduxit
927 1861 1124 1943 gaudentes.

130 1976 160 2021 rs
173 1957 345 2043 Reliquiae
363 1965 456 2027 beati
479 1966 639 2048 martyris
664 1964 844 2028 Anastasii
862 1964 972 2045 primo
991 1982 1127 2026 monas·

174 2062 295 2125 terium
309 2083 419 2142 suum,
434 2066 556 2129 deinde
574 2064 721 2128 Romam
741 2065 908 2140 advectae,
923 2071 1128 2127 venerantur

172 2163 208 2224 in
219 2166 425 2229 monasterio
437 2167 530 2230 beati
543 2167 645 2230 Pauli
658 2165 819 2247 apostoli,
832 2166 923 2246 quod
936 2164 1070 2239 dicitur,
1082 2163 1125 2226 ad

172 2262 295 2347 Aquas
316 2266 464 2330 Salvias,
505 2267 609 2330 Anno
630 2266 784 2330 Heraclii
804 2266 897 2345 regni
919 2281 1001 2343 xvl,
1019 2265 1126 2327 indic-

173 2365 265 2429 tione
288 2383 352 2443 Χν,
373 2367 568 2431 AEduuinus
589 2367 896 2431 excellentissimus
916 2386 978 2430 rex
998 2365 1126 2446 Anglo·

124 2485 244 2544 ,norum
265 2467 300 2530 in
322 2467 501 2533 Brittaniae
521 2470 809 2534 Transumbranae
829 2467 941 2549 gentis
963 2467 1006 2531 ad
1031 2468 1126 2548 aqui-

171 2569 294 2645 lonem,
306 2570 515 2652 praedicante
527 2569 675 2633 Paulino
686 2571 860 2652 episcopo,
874 2589 975 2650 quem
987 2569 1127 2631 miserat

172 2669 214 2732 de
231 2669 356 2734 Cantia
369 2671 575 2734 venerabilis
595 2670 874 2752 archiepiscopus
889 2669 912 2732 J
914 2676 1023 2746 ustus,
1038 2668 1126 2733 Ver-

171 2772 253 2834 bum
277 2772 400 2835 salutis
426 2792 504 2834 cum
524 2792 588 2835 sua
608 2779 708 2853 gente
728 2772 891 2852 suscepit,
918 2789 1007 2832 anno
1032 2772 1125 2851 regni

172 2873 227 2935 sui
246 2872 438 2950 undecimo,
453 2873 621 2937 adventus
642 2881 755 2936 autem
770 2872 958 2954 Anglorum
979 2871 1014 2934 in
1035 2871 1126 2935 Brit-

127 2973 303 3039 antoniam
322 2973 401 3054 plus
419 2972 533 3036 minus
555 2992 669 3036 annos
687 2989 837 3050 cnm,
858 2973 958 3055 eique
978 2972 1125 3036 Paulino

171 3073 288 3137 sedem
299 3074 519 3156 episcopatus
532 3073 679 3137 Eburaci
694 3074 845 3138 donavit.
891 3072 956 3136 Cui
971 3072 1125 3155 prolecto

171 3177 241 3256 regi
261 3176 297 3238 in
316 3175 504 3256 auspitium
520 3183 674 3240 venturae
695 3175 774 3238 fidei
794 3183 829 3238 et
849 3176 943 3256 regni
963 3175 1126 3253 ooelestiS,

172 3285 328 3359 potestas
357 3298 493 3360 quoque
529 3278 652 3340 terreni
687 3283 843 3341 creverat
877 3276 981 3358 regni,
1011 3277 1060 3340 ita
1088 3283 1127 3340 ut

172 3379 350 3442 universos
375 3378 555 3442 Brittaniae
579 3377 676 3453 fines,
700 3376 791 3458 quod
816 3396 915 3440 nemo
937 3376 1126 3458 Anglorum

126 3499 160 3542 ao
173 3487 253 3544 ante
279 3499 367 3557 eum,
393 3500 462 3562 qua
484 3481 538 3543 vel
558 3480 710 3561 ipsorum
729 3478 785 3541 vel
806 3478 986 3541 Britonum
1007 3486 1125 3559 gentes

171 3580 385 3655 habitabant,
414 3581 479 3642 sub
508 3580 638 3642 ditione
667 3579 846 3661 acciperet.
890 3578 942 3641 Eo
974 3586 1127 3661 tempore

172 3687 328 3759 exortum
363 3680 454 3762 apud
480 3680 612 3761 ,Scotos
645 3680 681 3742 in
714 3681 953 3743 observatione
986 3679 1126 3760 paschae

172 3800 313 3845 errorem
340 3779 729 3858 Quartadecimanorum
752 3780 931 3843 Honorius
950 3799 1044 3862 papa
1066 3799 1126 3861 per

395 4097 413 4127 ¹⁹
430 4099 586 4161 [Eductam]
618 4099 655 4149 Η.
667 4100 699 4148 E.
713 4113 742 4148 11.
757 4100 793 4147 ix.
808 4098 820 4164 ξ
835 4102 891 4146 110.
