2850 4890
501 378 713 426 usurario.
1044 362 1089 424 47

129 545 266 616 cuncta,
285 557 363 621 quae
387 538 516 619 scripta
535 543 645 616 erant,
668 537 839 601 communi
863 537 1006 600 consilio
1030 538 1088 601 de-

129 658 357 721 cernebantur
372 659 503 739 absque
517 656 590 720 ulla
607 656 783 721 dubietate
804 656 958 737 legenda,
973 655 1088 733 ethis,

128 774 189 856 qui
210 774 383 856 religionis
405 775 521 838 studio
544 774 682 850 vellent,
706 775 749 837 ad
774 773 1087 838 transscribendum

129 910 207 954 esse
221 890 399 956 tradenda.
444 891 511 955 Sed
527 897 562 954 et
576 891 647 954 alia
661 891 770 954 multa
786 910 850 954 nec
871 890 1002 954 minora
1021 888 1087 966 his,

98 1027 112 1069 5
125 1026 204 1089 quae
219 1008 430 1090 scripsimus
441 1008 668 1091 praesentibus
681 1008 791 1085 nobis,
804 1007 995 1072 adinvicem
1007 1027 1087 1071 con-

127 1123 287 1204 ferentes,
311 1126 354 1190 de
378 1127 453 1191 vita
478 1133 513 1189 et
531 1125 716 1191 virtutibus
736 1125 829 1190 beati
846 1125 913 1190 viri
933 1127 1087 1207 superin-

127 1242 268 1322 tulistis,
293 1263 370 1326 quae
394 1263 534 1327 prorsus
560 1244 731 1308 memoriae
750 1243 853 1326 digna
872 1244 1087 1321 videbantur,

129 1359 160 1422 si
168 1361 433 1425 nondeliberato
445 1381 486 1425 ac
497 1360 661 1444 perfecto,
677 1363 773 1445 operi
784 1382 876 1426 nova
886 1363 1086 1427 interserere

129 1478 186 1542 vel
198 1479 436 1561 superadicere
449 1480 563 1543 minus
573 1472 758 1562 congruum
773 1489 877 1562 atque
891 1480 1088 1543 indecorum

86 1615 207 1661 messe
222 1604 406 1660 constaret.

172 1713 236 1797 §2
260 1713 393 1779 Dehinc
408 1715 657 1779 admonendam
671 1723 794 1781 vestrae
811 1715 976 1779 almitatis
992 1733 1087 1779 coro·
1105 1726 1140 1767 He
1150 1735 1240 1779 renuens

1104 1780 1139 1817 tbe
1149 1790 1234 1829 prayers

128 1851 210 1896 nam
231 1839 327 1896 ratus
351 1852 437 1909 sum,
459 1839 499 1896 ut
523 1832 709 1914 sicutipse
735 1853 859 1896 munus
882 1832 1086 1897 obedientiae
1104 1829 1224 1919 fflbff·

129 1969 228 2029 meae,
252 1951 343 2032 quod
360 1950 481 2033 jubere
506 1951 590 2014 estis
613 1949 755 2031 dignati,
778 1958 932 2033 promtus
956 1949 1088 2016 solvere

128 2088 199 2132 non
225 2068 355 2147 distuli,
381 2070 433 2132 ita
456 2089 519 2134 vos
544 2088 681 2153 quoque
709 2069 752 2132 ad
775 2068 984 2132 reddendum
1006 2067 1089 2131 mihi

87 2205 117 2249 1⁵
129 2193 256 2250 vestrae
285 2187 542 2251 intercessionis
571 2187 749 2270 praemium
773 2188 861 2269 pigri
891 2205 961 2248 non
992 2185 1089 2265 sitis3

130 2302 191 2367 sed
221 2323 299 2368 cum
328 2305 473 2369 eundem
496 2305 650 2368 libellum
678 2305 866 2386 relegentes
894 2305 954 2386 pia
987 2322 1088 2367 sanc-

129 2422 256 2486 tissimi
270 2423 380 2506 patris
391 2424 555 2488 memoria
568 2431 703 2488 vestros
716 2424 848 2487 animos
862 2422 906 2486 ad
919 2420 1088 2484 desideria

128 2541 224 2622 regni
237 2540 389 2605 coelestis
405 2543 582 2606 ardentius
598 2542 771 2620 attollitis,
783 2562 845 2624 pro
858 2561 936 2605 mea
951 2559 1087 2623 quoque

129 2660 301 2741 parvitate
330 2662 552 2726 memineritis
582 2663 732 2727 divinam
767 2681 909 2724 exorare
942 2659 1088 2723 clemen-

85 2779 226 2855 notiam,
246 2785 416 2861 quatenus
439 2787 474 2844 et
495 2799 586 2842 nunc
606 2798 693 2861 pura
712 2785 824 2843 mente
845 2776 1036 2841 desiderare
1054 2781 1089 2839 et

129 2896 167 2958 in
188 2895 303 2960 futuro
320 2897 474 2979 perfecta
493 2898 707 2961 beatitudine
721 2915 851 2961 merear
864 2896 979 2967 videre
998 2896 1090 2959 bona

131 3012 273 3078 Domini
293 3015 329 3076 in
350 3023 440 3078 terra
457 3014 667 3081 viventium:
691 3014 762 3091 scd,
783 3020 819 3078 et
837 3032 891 3076 me
915 3011 1088 3088 defuneto,

130 3150 193 3213 pro
218 3131 425 3196 redemtione
451 3133 574 3197 animae
601 3152 699 3209 meae,
726 3131 826 3213 quasi
853 3130 1032 3194 familiaris
1055 3140 1090 3194 et

129 3247 306 3312 vernaculi
315 3249 436 3327 vestri,
451 3269 559 3327 orare,
575 3257 610 3314 et
623 3250 749 3313 missas
770 3246 893 3325 facere,
908 3255 944 3311 et
964 3266 1088 3310 nomen

85 3386 118 3430 25
130 3385 246 3429 meum
258 3365 348 3430 inter
360 3374 477 3431 vestra
490 3367 636 3431 scribere
651 3365 845 3447 dignemini.
890 3362 980 3428 Nam
994 3372 1029 3428 et
1041 3372 1089 3444 tu,

130 3483 349 3547 sanctissime
371 3483 528 3562 antistes
553 3485 618 3547 hoc
641 3492 675 3548 te
698 3483 780 3546 mibi
801 3483 1000 3565 promisisse
1015 3481 1089 3564 jam

129 3601 270 3677 retines,
295 3600 330 3663 in
355 3600 453 3683 cujus
481 3602 585 3664 etiam
607 3600 838 3664 testimonium
861 3599 984 3663 futurae
1010 3618 1090 3662 con-

131 3717 331 3800 scriptionis
355 3717 515 3798 religioso
539 3716 635 3782 fratri
658 3723 774 3781 vestro
800 3715 969 3780 Gudsrido
994 3735 1090 3779 man-

168 4030 189 4060 ’θ
207 4027 346 4100 6ηά]νὶᾱο.]
371 4033 397 4081 It
409 4047 519 4094 appears
531 4033 594 4080 from
629 4034 781 4083 afterwards
790 4035 894 4083 became
907 4035 985 4084 abbot
994 4034 1023 4082 os
1032 4036 1091 4084 Lin-

132 4103 176 4151 the
194 4103 230 4151 H.
243 4104 274 4153 E.
287 4119 311 4152 v.
324 4104 342 4152 i.
361 4100 386 4167 (i
403 4104 472 4168 359),
489 4104 547 4151 that
563 4103 595 4151 he
629 4103 751 4152 disfarne.
