2850 4890
627 360 838 408 nernnmx.
1144 347 1209 412 243

254 507 370 567 exstitit
382 506 477 576 testis,
490 525 544 565 nec
559 526 595 564 ea
609 506 767 565 intentione
780 509 845 566 haec
856 506 913 565 illis
929 508 1046 585 scriptis
1058 508 1206 578 mandavi,

254 601 288 651 ut
306 601 464 672 postquam
485 590 569 650 firma
587 590 686 651 radice
700 593 729 651 in
747 591 807 650 fide
821 592 928 651 fuerint
944 592 1072 663 solidati,
1093 593 1119 652 si
1133 594 1207 652 infra

253 678 397 757 propriam
411 676 519 735 fuerint
528 678 810 754 consanguinitatem
825 677 944 747 inventi,
956 698 1013 736 non
1024 689 1206 757 reparentur,

253 771 306 821 aut
332 761 407 820 iufra
428 759 577 820 affinitatis
601 761 720 832 lineam,
744 761 775 820 id
797 771 844 820 est
867 782 959 840 usque
986 762 1025 821 ad
1051 765 1206 842 septimam

222 848 482 926 ogenerationem,
502 849 730 924 conjunge-ntum
755 845 808 906 sed
830 846 928 905 adbuc
948 847 1015 906 illos
1039 849 1205 928 neophytos

254 933 432 991 exsistentes
452 933 616 1011 saepissime
633 952 686 991 eos
705 932 784 1010 prius
804 931 907 990 illicita
928 931 1035 990 docere
1051 933 1155 1003 vitare,
1177 943 1207 992 et

252 1018 350 1077 verbis
370 1037 405 1076 ac
426 1017 569 1096 exemplis
584 1018 734 1088 instruere,
750 1024 780 1073 et
793 1036 861 1094 quae
877 1024 945 1095 post
959 1017 997 1075 de
1014 1018 1121 1076 talibus
1136 1039 1205 1095 ege-

252 1103 320 1171 rint,
342 1102 551 1160 rationabiliter
571 1112 601 1159 et
621 1100 745 1160 fideiiter
768 1101 927 1160 excludere
951 1111 1076 1180 oportet.
1121 1101 1205 1161 Nam

247 1190 338 1265 juxta
358 1187 536 1265 apostolum,
557 1186 608 1265 qui
629 1185 681 1254 ait,
705 1186 792 1245 ‘Lac
812 1188 898 1245 vobis
918 1195 1020 1265 potum
1039 1185 1121 1255 dedi,
1146 1207 1205 1245 non

209 1287 242 1332 ιο
254 1271 376 1340 escam‚⁷
388 1272 447 1329 ista
465 1271 523 1331 illis
542 1270 642 1339 modo,
657 1291 714 1329 nou
729 1273 865 1349 posteris,
882 1281 913 1329 ut
927 1271 1127 1350 supradictum
1146 1281 1203 1340 est,

252 1356 431 1435 temporibus
447 1354 573 1415 tenenda
586 1355 778 1423 indulsimus;
801 1376 838 1414 ne
859 1356 978 1425 bonum,
992 1356 1074 1435 quod
1091 1355 1205 1416 infirma

254 1440 350 1499 adbuc
372 1441 471 1499 radice
491 1441 654 1520 plantatum
673 1447 746 1510 erat,
766 1450 924 1510 erueretur,
940 1438 995 1499 sed
1012 1447 1138 1520 coeptum
1157 1440 1205 1499 fir·

252 1535 389 1596 moretur,
404 1536 434 1583 et
449 1546 543 1605 usque
557 1524 596 1584 ad
610 1525 819 1604 perfectionem
836 1524 1040 1586 custodiretur.
1086 1524 1165 1584 Sane
1179 1528 1205 1585 si

253 1611 283 1669 in
301 1611 346 1669 bis
367 1631 464 1679 secus,
484 1631 573 1690 quam
595 1610 765 1679 debuimus,
781 1610 894 1691 aliquid
913 1612 1037 1688 egimus,
1060 1630 1117 1669 non
1138 1632 1204 1691 pro-

209 1714 241 1758 15
253 1697 365 1766 terrine,
388 1695 440 1754 sed
459 1694 694 1755 commiserando
715 1704 813 1755 actum
833 1715 899 1755 esse
919 1714 1102 1774 cognoscas3
1127 1696 1204 1755 unde

254 1788 285 1840 et
302 1790 408 1840 testem
427 1781 533 1839 invoco
554 1780 663 1850 Deum,
678 1782 728 1859 qui
748 1781 943 1858 cogitationes
963 1782 1091 1840 omnium
1111 1781 1205 1840 homi-

252 1886 322 1924 num
336 1867 428 1935 novit,
441 1869 529 1944 cujus
544 1867 634 1924 etiam
652 1867 747 1925 oculis
762 1867 860 1925 omnia
873 1865 954 1925 nuda
968 1873 1078 1925 suntet
1093 1875 1203 1945 aperta.

253 1951 337 2010 Nam
359 1952 384 2010 si
408 1971 445 2010 ea
468 1950 660 2020 destruerem,
683 1971 750 2029 quae
774 1960 977 2011 antecessores
998 1951 1090 2010 nostri
1111 1960 1204 2010 statu-

251 2045 347 2106 erunt,
368 2055 426 2094 uon
447 2045 643 2105 constructor,
665 2036 719 2095 sed
743 2056 862 2095 eversor
884 2056 951 2096 esse
968 2038 1051 2113 juste
1071 2054 1204 2116 compro·

207 2138 242 2182 20
253 2121 349 2190 barer,
364 2129 491 2179 testante
505 2122 637 2180 veritatis
651 2125 737 2190 voce,
752 2140 818 2199 quae
833 2122 884 2189 ait,
900 2129 907 2154 ‘
925 2121 1022 2180 Omne
1039 2140 1161 2198 regnum
1174 2121 1204 2180 in

253 2207 384 2286 seipsum
405 2205 532 2265 divisum
557 2227 614 2264 non
638 2206 757 2273 stabit;'
785 2213 816 2264 et
839 2207 934 2264 omnis
959 2206 1084 2265 scientia
1107 2213 1138 2264 et
1155 2206 1205 2264 lex

253 2291 397 2351 adversus
418 2311 450 2350 se
470 2291 568 2350 divisa
589 2290 763 2349 destruetur.
808 2289 944 2368 Ideoque
962 2310 1086 2349 necesse
1105 2298 1153 2349 est
1174 2298 1206 2348 ut

253 2396 354 2435 omnes
376 2375 561 2434 concorditer
581 2383 692 2435 statuta
713 2383 881 2434 sanctorum
901 2384 1017 2453 patrum
1042 2383 1206 2433 nostrorum

253 2469 416 2530 teneamus,
438 2461 507 2519 nibil
529 2460 671 2520 videlicet
690 2481 742 2538 per
762 2461 977 2518 contentionem
997 2467 1130 2537 agentes,
1152 2459 1204 2518 sed

208 2563 242 2607 25
254 2546 294 2605 ad
317 2566 402 2604 omne
425 2546 553 2605 studium
577 2546 662 2604 bonae
685 2544 851 2605 devotionis
871 2545 1031 2614 unanimes,
1050 2543 1157 2604 divinis
1177 2555 1207 2602 et

254 2631 427 2710 apostolicis
457 2631 725 2700 constitutionibus,
756 2630 917 2688 auxiliante
948 2628 1089 2699 Domino,
1123 2648 1206 2708 pare-

252 2736 348 2775 arnus.

297 2800 325 2858 Ο
341 2819 430 2879 quam
443 2800 522 2858 bona
535 2810 582 2858 est
595 2800 713 2869 caritas,
731 2817 799 2878 quae
817 2794 952 2858 absentia
972 2818 1023 2877 per
1039 2798 1205 2874 imaginem,

253 2885 410 2964 praesentia
433 2885 623 2963 sibimetipsis
642 2884 762 2943 exhibet
783 2905 834 2963 per
855 2903 995 2952 amorem,
1019 2882 1115 2941 divisa
1133 2883 1205 2950 unit,

209 2986 242 3030 30
253 2969 379 3028 confusa
392 2968 518 3039 ordinat,
533 2969 690 3048 inaequalia
704 2970 809 3037 sociat,
819 2967 991 3047 imperfecta
1002 2967 1203 3027 consummat!

252 3074 343 3132 quam
367 3063 447 3113 recte
475 3053 651 3133 praedicator
679 3053 814 3130 egregius
842 3053 991 3112 vinculum
1018 3052 1205 3131 perfectionis

253 3149 359 3207 vocat;
382 3139 452 3218 quia
473 3140 596 3199 virtutes
617 3137 736 3218 quidem
756 3147 862 3198 ceterae
885 3137 1093 3217 perfectionem
1117 3156 1205 3214 genc-

253 3233 329 3294 rant,
344 3224 397 3283 sed
407 3232 504 3283 tamen
519 3245 570 3283 eas
585 3225 627 3283 ita
640 3223 748 3282 caritas
763 3223 846 3300 ligat,
860 3232 893 3281 ut
911 3223 949 3282 ab
967 3221 1093 3280 amantis
1108 3231 1207 3280 mente

251 3308 376 3375 dissolvi
398 3311 463 3386 jam
492 3318 648 3387 nequeant.
693 3307 756 3366 His
783 3309 836 3366 rite
864 3308 1028 3386 perpensis,
1053 3307 1207 3368 caritative

209 3411 242 3456 35
248 3397 315 3474 jam
335 3395 424 3453 dictis
446 3393 564 3464 indulsi,
587 3413 642 3452 nec
663 3401 843 3472 praeceptum
861 3391 940 3460 dedi,
960 3390 1013 3450 sed
1033 3391 1207 3457 consilium

254 3500 308 3538 nec
322 3479 454 3558 regulam
467 3479 496 3536 in
510 3479 555 3537 bis
570 3479 696 3556 posteris
710 3478 778 3537 ullis
792 3475 947 3537 tenendam
965 3474 1083 3545 tradidi,
1099 3476 1152 3535 sed
1170 3475 1208 3534 de

253 3563 370 3623 duobus
391 3563 540 3643 periculis,
560 3563 640 3642 quod
659 3563 774 3622 facilius
788 3563 826 3622 sit
839 3560 990 3621 vitandum
1003 3559 1131 3621 ostendi.
1176 3558 1208 3617 Si

252 3650 341 3726 igitur
364 3649 393 3706 in
417 3649 506 3707 rebus
529 3648 711 3708 secularibus
732 3667 818 3707 suum
833 3647 940 3725 cuique
956 3648 1008 3723 jus
1027 3655 1058 3704 et
1074 3643 1207 3724 proprius

253 3733 326 3792 ordo
348 3733 510 3792 servandus
527 3742 584 3804 est,
603 3742 714 3812 quanto
730 3733 821 3809 magis
835 3733 864 3790 in
879 3729 1092 3790 ecclesiasticis
1107 3727 1208 3806 dispo-

208 3835 241 3879 4ο
254 3819 408 3877 sitionibus
434 3818 516 3877 nulla
537 3820 627 3878 debet
647 3818 747 3877 induci
769 3817 914 3885 confusio,
938 3835 974 3872 ne
991 3813 1033 3871 ibi
1058 3812 1209 3872 discordia

327 4083 337 4112 ⁹
355 4080 427 4153 Lac]
441 4090 453 4133 l
469 4086 529 4138 Cor.
541 4087 578 4136 iii.
592 4090 616 4136 2.
716 4083 737 4113 ²⁰
755 4079 852 4150 Omne]
872 4084 911 4132 St.
925 4082 1020 4132 Mattb.
1034 4080 1080 4128 xii.
1093 4083 1135 4129 25.
1152 4082 1155 4088 '
