2850 4890
395 386 445 434 nn
461 387 534 437 snx
552 387 752 439 maurinus
770 389 920 440 sucuur.
1071 379 1135 444 191

180 545 359 612 Saxonum
378 548 466 614 caedi
486 548 711 632 superfuerat,
728 551 854 616 occisis
874 552 911 615 in
930 553 1051 617 eadem
1074 574 1136 637 pa·

179 649 333 714 rentibus
347 668 498 732 purpura
518 651 659 728 indutis,
675 653 850 717 victricem
870 673 986 719 eorum
1001 663 1134 736 gentem

127 742 129 746 ’
179 759 407 831 provocantes
420 752 464 817 ad
474 753 644 834 proelium,
657 753 813 835 vincunt3
830 761 865 819 et
876 775 920 819 ex
932 773 973 818 eo
985 763 1136 838 ternpore

179 851 324 917 nunchi
344 872 435 916 nuno
455 854 507 918 illi
526 855 676 937 palmam
695 855 856 933 habuere,
870 857 980 922 donec
1003 858 1138 923 advena

150 955 349 1034 apotentior
364 961 439 1020 tota
453 975 514 1038 per
528 957 666 1039 longum
680 959 847 1039 potiretur
860 959 985 1024 insula.

230 1055 441 1121 Anastasius
453 1077 561 1122 annos
574 1075 717 1123 xxvrrr.
746 1059 1027 1125 Thrasamundus
1039 1059 1136 1125 Van-

180 1155 335 1221 dalorum
354 1178 415 1222 rex
433 1157 632 1224 Catholicas
648 1161 813 1225 ecclesias
827 1161 964 1238 elausit,
979 1168 1014 1225 ot
1030 1176 1135 1224 ccxx

180 1257 364 1341 episcopos
391 1261 515 1324 exsilio
543 1260 737 1327 Sardiniam
763 1262 867 1327 misit.
911 1260 1138 1345 Symmachus

179 1378 274 1441 papa
300 1360 389 1424 inter
412 1360 522 1426 multa
545 1361 768 1428 ecclesiarum
792 1382 909 1444 opera,
932 1381 1011 1445 quae
1035 1362 1091 1430 vel
1117 1381 1138 1426 a

136 1478 168 1523 ro
179 1459 410 1528 fundamentis
449 1463 591 1540 creavit,
625 1463 681 1528 vel
713 1463 830 1545 prisca
864 1464 1057 1540 renovavit,
1093 1463 1138 1528 ad

179 1563 319 1626 beatum
346 1561 498 1641 Petrum,
526 1571 561 1628 et
585 1565 724 1629 beatum
753 1562 913 1641 Paulum,
938 1572 975 1630 et
999 1564 1138 1628 beatum

179 1663 403 1728 Laurentium
426 1665 633 1747 pauperibus
657 1663 856 1729 habitacula
878 1664 1084 1740 construxit,
1104 1671 1139 1729 et

180 1766 271 1829 omni
298 1784 388 1829 anno
408 1784 469 1847 per
488 1763 641 1829 Africam
660 1765 717 1831 vel
740 1763 934 1830 Sardiniam
954 1765 1138 1846 episcopis,

180 1866 240 1949 qui
250 1865 287 1930 in
297 1865 422 1930 exsilio
435 1872 543 1943 erant,
554 1866 719 1948 pecunias
734 1872 770 1929 ct
781 1873 897 1930 vestes
909 1866 1136 1931 ministrabat.

136 1987 167 2032 rs
179 1966 401 2045 Anastasius,
415 1969 498 2051 quia
513 1968 637 2033 haeresi
656 1967 777 2032 favens
793 1967 996 2051 Eutychetis
1010 1967 1137 2034 Catho-

179 2069 264 2133 licos
279 2069 456 2133 insecutus
471 2074 536 2147 est,
550 2068 666 2132 divino
680 2066 821 2133 fulmine
836 2069 948 2151 periit.

220 2170 382 2235 lustinus
402 2170 516 2234 senior
536 2188 645 2234 annos
667 2186 748 2233 vrrr.
792 2169 946 2236 loannes
967 2169 1135 2238 Romanae

178 2271 334 2336 ecclesiae
361 2269 517 2354 pontifex
550 2269 885 2354 Constantinopolim
913 2273 1065 2350 veniens,
1090 2272 1135 2337 ad

179 2379 325 2456 portam,
346 2393 424 2455 quae
443 2379 587 2438 vocatur
606 2373 733 2452 Aurea,
752 2375 956 2457 populorum
975 2375 1083 2439 turbis
1103 2375 1136 2439 ei

135 2493 168 2538 ao
179 2474 446 2551 occurrentibus,
460 2474 498 2536 in
518 2482 705 2557 conspectu
724 2477 874 2539 omnium
893 2476 1028 2558 roganti
1043 2494 1136 2539 caeco

178 2577 293 2642 lumen
311 2575 480 2656 reddidit3
509 2576 568 2658 qui
587 2576 668 2641 dum
691 2575 827 2641 radiens
851 2575 1054 2641 Ravennam
1078 2595 1136 2639 ve-

178 2678 298 2755 nisset,
320 2676 555 2742 Theudoricus
578 2697 657 2741 curn
679 2672 757 2742 cum
781 2678 964 2743 comitibus
988 2677 1135 2742 carceris

179 2778 363 2844 afflictione
383 2779 536 2861 peremit,
550 2779 681 2844 invidia
695 2780 830 2856 ductus
846 2779 930 2863 quia
945 2777 1134 2843 Catholicae

177 2880 318 2962 pietatis
342 2879 498 2945 defensor
520 2879 682 2945 lustinus
709 2901 787 2945 eum
810 2880 993 2945 honorifice
1019 2897 1134 2943 susce-

134 2999 166 3045 aa
177 2982 305 3064 pisset3
329 2999 398 3064 quo
414 3000 516 3058 anno,
533 2981 569 3046 id
584 2989 649 3059 est,
663 2983 846 3046 consulatu
862 2980 966 3045 Probi
975 2980 1135 3064 junioris,

177 3090 214 3148 et
232 3083 473 3166 Symmachum
493 3082 678 3167 Patritium
698 3082 878 3148 Ravennae
896 3083 1081 3160 occiderat,
1100 3088 1136 3146 et

177 3185 253 3267 ipsa
282 3203 373 3248 anno
403 3192 569 3267 sequente
594 3183 721 3249 ibidem
747 3184 864 3249 subita
888 3191 996 3248 morte
1022 3183 1136 3266 periit,

178 3286 382 3351 succedente
396 3287 432 3348 in
446 3305 550 3368 regno
564 3284 767 3350 Athalarico
782 3293 907 3369 nepote
923 3285 1011 3369 ejus.
1056 3283 1136 3349 Hil-

177 3389 312 3455 dericus
346 3387 583 3451 Vandalorum
616 3407 677 3451 rex
711 3387 893 3469 episcopos
930 3387 974 3450 ab
1009 3385 1135 3450 exsilio

134 3508 167 3553 aa
179 3489 302 3556 reverti
313 3496 349 3553 et
359 3489 524 3554 ecclesias
535 3490 728 3554 instaurare
741 3488 917 3571 praecepit,
930 3493 1011 3570 post
1025 3505 1134 3551 annos

180 3606 306 3653 nxxrv
325 3589 498 3655 haereticae
515 3589 807 3672 prophanationis.
852 3588 1060 3653 Benedictus
1075 3588 1135 3652 ab·

176 3693 240 3755 bas
268 3691 434 3756 virtutum
465 3690 573 3772 gloria
601 3690 736 3767 clamit,
764 3708 852 3772 quas
886 3691 1009 3753 beatus
1040 3707 1135 3769 papa

178 3791 365 3874 Gregorius
379 3792 415 3854 in
428 3791 517 3856 libro
531 3792 755 3874 Dialogorum
770 3790 918 3873 scripsit.

240 3892 460 3958 lastinianus
492 3892 623 3957 Justini
657 3911 703 3955 ex
737 3911 851 3956 sorore
885 3909 993 3973 nepos
1023 3909 1132 3954 annos

133 4012 164 4057 as
178 4010 353 4058 xxxvnr.
408 3995 597 4059 Belisarius
625 3994 791 4058 Patritius
819 4013 842 4056 a
867 3991 1065 4056 Justiniano
1096 3993 1132 4056 in

177 4095 330 4161 Africam
372 4097 510 4173 missus,
544 4097 779 4162 Vandalorum
821 4100 954 4183 gentem
996 4093 1131 4158 delevit.

1150 590 1335 684 uunlrlnlturnu.

1149 699 1224 747 4444.
1251 699 1312 748 498.

1149 1079 1224 1125 4472.
1258 1079 1316 1124 521.

1148 2185 1223 2232 4480.
1255 2185 1312 2230 529.

1146 3908 1219 3956 4618.
1251 3909 1310 3957 tot.
