2850 4890
314 334 357 396 72
600 350 691 396 vrri
709 349 737 397 s.
757 349 988 410 cunensem,

148 532 181 578 Α.
193 531 224 579 u.
234 532 292 581 eor.
318 512 386 592 vit;
408 532 595 595 precorque
608 532 726 576 eamus
739 511 864 577 alicubi
875 517 1067 594 quaerentes
1080 510 1162 592 quid
1176 509 1277 572 nobis

318 614 494 696 epularum
522 615 557 676 in
586 615 747 696 gaudium
776 634 848 677 suae
876 613 1078 678 festivitatis
1110 617 1277 696 praestare

317 715 494 796 dignetur!
538 715 626 779 Haec
642 716 771 795 dicens
783 717 904 785 eduxit
915 735 974 780 eos
990 716 1054 779 sub
1068 715 1189 797 ripam,
1205 732 1276 795 quo

317 818 393 897 ipse
411 824 516 881 noctu
536 818 679 900 pervigil
698 837 794 883 orare
811 825 1047 895 consueverat,
1060 817 1119 880 ubi
1135 815 1277 880 adveni-

318 926 414 981 entes
451 919 654 982 invenerunt
686 919 751 983 tria
778 918 888 984 frusta
915 918 1122 1000 delphininae
1152 915 1277 990 carniS,
1304 934 1318 975 s

319 1019 420 1101 quasi
442 1020 592 1083 humano
617 1019 805 1083 ministerio
831 1025 928 1082 secta
953 1026 988 1082 et
1012 1023 1209 1101 praeparata
1231 1015 1274 1078 ad

318 1126 515 1200 cocturam3
538 1121 705 1202 flexisque
725 1119 867 1200 genibus
883 1119 1011 1200 gratias
1032 1124 1173 1200 egerunt
1187 1117 1275 1180 Deo.

319 1218 421 1284 Dixit
444 1227 559 1284 autem
589 1219 813 1296 Cudberctus,
843 1219 1021 1298 ‘Vicetia
1049 1218 1275 1295 dilectissimi,

319 1341 396 1404 quae
424 1323 471 1386 sit
492 1321 601 1402 gratia
620 1320 686 1382 Dei
710 1320 892 1384 confidenti
914 1327 949 1384 et
969 1320 1121 1402 speranti
1139 1318 1174 1382 in
1203 1318 1275 1383 Do-

318 1423 420 1485 mino.
463 1422 552 1486 Ecce
567 1426 601 1483 et
614 1420 744 1484 cibaria
758 1418 896 1484 famulis
912 1421 984 1486 suis
1001 1419 1223 1503 praeparavit,
1239 1427 1274 1484 et
1288 1438 1319 1482 ro

318 1525 466 1586 ternario
488 1541 624 1605 quoque
644 1540 783 1584 numero
807 1529 891 1603 quot
911 1522 1032 1586 diebus
1049 1521 1104 1584 hio
1124 1521 1274 1585 residen-

319 1623 400 1685 dum
412 1621 458 1686 sit
471 1622 569 1684 nobis
585 1621 745 1684 ostendit.
791 1621 921 1685 Sumite
936 1643 1017 1704 ergo
1031 1641 1181 1699 munera,
1193 1642 1273 1704 quae

319 1725 413 1789 misit
435 1723 533 1786 nobis
554 1721 722 1798 Christus,
743 1728 777 1785 et
801 1722 966 1786 abeuntes
987 1722 1179 1787 reficiamus
1198 1741 1274 1799 noo,

317 1841 584 1905 maneamusque
611 1822 790 1905 intrepidi3
828 1823 1021 1887 certissima
1056 1824 1146 1887 enim
1174 1825 1274 1889 nobis

315 1932 396 2007 post
420 1924 569 1987 triduum
599 1925 766 1987 serenitas
794 1924 873 1988 coeli
901 1933 936 1988 et
963 1925 1066 1988 maris
1092 1924 1337 1994 adveniet'rr

317 2025 464 2089 Factum
475 2031 586 2102 est‚ut
599 2024 752 2104 dixerat3
771 2031 931 2088 monente
943 2026 1055 2090 triduo
1067 2032 1274 2108 tempestate

316 2124 504 2207 pervalida,
536 2132 658 2208 quarto
688 2125 823 2189 demum
851 2125 906 2189 die
936 2126 1166 2208 tranquillitas
1194 2146 1272 2208 pro-

315 2227 423 2290 missa
447 2233 568 2290 secuta
595 2234 659 2302 est,
685 2246 763 2308 quae
790 2226 869 2290 illos
894 2225 1053 2290 secundis
1076 2226 1214 2292 flatibus
1236 2229 1273 2291 in

316 2328 462 2409 patriam
477 2327 624 2392 referret.

659 2563 819 2628 CAPUT
843 2565 933 2629 XII.
1283 2585 1315 2629 ro

319 2732 477 2802 Quomodo
496 2735 697 2822 iterfaciens
715 2735 756 2798 ab
776 2735 884 2819 aquila
906 2735 1052 2798 ministre
1075 2745 1106 2798 et
1123 2736 1289 2800 viaticum,

392 2849 613 2925 percepturum
627 2861 658 2900 se
672 2860 734 2901 esse
743 2837 946 2923 predixerit,
960 2848 991 2899 et
999 2839 1186 2923 perceperit.

142 3067 299 3128 supparem,
317 3040 398 3122 §la
423 3041 598 3121 Quanam
609 3061 744 3124 quoque
756 3041 811 3104 die
820 3062 897 3106 cum
908 3041 1165 3123 praedicaturus,
1168 3041 1274 3124 juxta

136 3120 224 3217 illies*
235 3133 261 3160 ⁸¹¹
317 3141 597 3205 consuetudinem
616 3161 724 3218 suam,
743 3142 892 3223 populiS,
911 3143 953 3205 de
973 3143 1180 3206 monasterio
1198 3143 1273 3207 exi-

315 3247 377 3316 ret,
392 3260 460 3303 uno
481 3243 606 3305 comite
625 3262 743 3325 puero,
751 3242 894 3325 jamque
916 3244 974 3306 diu
994 3244 1178 3326 gradiendo
1192 3243 1313 3308 fati-rs

315 3342 405 3422 gatis
420 3362 489 3405 non
503 3363 625 3425 parurn
642 3344 751 3407 adbuc
769 3353 914 3410 restaret
932 3345 1076 3422 itineris,
1090 3365 1271 3428 quousque

313 3442 357 3505 ad
393 3443 518 3519 vicum,
552 3464 621 3526 quo
652 3446 849 3524 tendebant,
881 3450 1107 3530 pervenirent,
1141 3449 1191 3513 ait
1225 3449 1269 3511 ad

312 3562 468 3625 puerum,
482 3550 620 3607 tentans
641 3564 730 3622 eum,
744 3551 754 3580 ‘
769 3546 835 3610 Dic
852 3568 925 3630 age,
941 3549 1080 3627 sodalis,
1093 3549 1153 3612 ubi
1167 3549 1269 3612 hodie

310 3644 404 3706 refici
418 3644 595 3725 disponaS,
611 3666 655 3708 an
669 3644 798 3711 habeas
815 3649 963 3731 aliquem
978 3651 1013 3714 in
1028 3650 1089 3714 via
1107 3651 1152 3714 ad
1168 3671 1270 3733 quem

310 3745 478 3808 divertere
504 3746 623 3810 valeas
644 3747 813 3830 hospitem
825 3750 849 3811 l'
893 3751 942 3813 At
963 3752 1021 3815 ille
1048 3751 1269 3833 respondere,
1281 3771 1312 3814 ao

404 4067 424 4096 ²⁰
441 4069 533 4118 Cabur
546 4066 624 4136 xla]
645 4071 698 4123 Vit.
714 4073 778 4122 Met.
792 4074 856 4134 Cap.
871 4085 915 4133 x.;
934 4073 988 4123 Vit.
1001 4073 1086 4122 Anon.
1099 4072 1111 4138 ξ
1126 4078 1166 4124 17.
