2850 4890
262 370 305 433 co
551 381 640 429 vrri
659 381 688 429 s.
704 380 937 442 cunnnacrr,

93 558 125 606 Α.
135 556 234 608 naor.
264 542 384 606 nioues
421 548 562 623 septem,
597 557 684 623 quas
723 539 867 622 singulis
910 539 1031 604 diebus
1068 539 1222 622 singulas

266 662 459 726 possumus,
483 641 632 704 Domino
652 640 851 724 adjuvante,
872 640 1028 722 legendo,
1047 647 1092 717 et,
1114 659 1224 723 quan·

266 752 338 809 tum
365 763 452 826 opus
482 749 535 806 est
558 744 647 806 inter
673 760 748 819 nos,
778 740 982 805 conferendo
1009 744 1223 824 percurrere!

267 847 411 912 Factum
440 853 493 909 est
522 853 561 909 ut
589 846 733 910 dixerat.
789 843 904 922 Quam
933 843 1012 907 ideo
1040 843 1224 908 lectionem

267 957 338 1014 tam
354 950 517 1013 citissime
535 948 705 1031 complere
721 947 893 1024 valebant,
909 947 992 1029 quia
1009 946 1119 1010 solam
1133 946 1169 1008 in
1184 964 1226 1009 ea
1252 965 1267 1008 s

265 1051 355 1130 fidei,
369 1070 447 1134 quae
461 1069 522 1133 per
536 1049 753 1113 dilectionem
772 1055 944 1130 operatur,
957 1047 1226 1130 simplicitatem,

91 1180 110 1221 n
138 1189 145 1219 ι
169 1192 182 1219 0
265 1171 333 1216 non
345 1160 457 1217 autem
471 1152 699 1236 quaestionum
707 1150 878 1233 profunda
888 1151 1093 1214 tractabant.
1123 1147 1224 1212 Com-

112 1244 124 1271 ⁰
160 1259 166 1271 ⁶
265 1255 361 1338 pieta
385 1274 463 1337 ergo
486 1261 566 1336 post
591 1261 723 1335 septem
748 1253 821 1316 dies
849 1253 1008 1330 lectione,
1036 1258 1224 1316 memorato

266 1362 419 1436 arreptus
444 1355 561 1417 morbo
581 1355 634 1418 vir
657 1353 797 1418 Domini
820 1352 929 1417 Boisil
956 1353 1045 1418 diem
1068 1352 1225 1435 pervenit

267 1456 309 1520 ad
325 1457 492 1532 ultimum,
504 1463 539 1520 et
553 1455 617 1520 boc
629 1474 753 1537 magna
766 1455 999 1519 exsultatione
1012 1462 1224 1531 transcenso,
1236 1471 1267 1516 ro

268 1558 394 1638 gaudia
413 1565 588 1640 perpetuae
606 1557 693 1619 lucis
714 1556 865 1621 intravit.
908 1554 1037 1619 Ferunt
1057 1556 1154 1619 illum
1171 1554 1225 1617 his

269 1665 399 1740 septem
427 1659 546 1722 diebus
573 1657 688 1720 omnia
713 1654 919 1733 Cudbercto,
945 1676 1022 1740 quae
1049 1657 1081 1721 ei
1110 1656 1225 1721 sutura

268 1760 458 1834 restabant,
487 1759 711 1840 exposuisse3
747 1757 966 1840 propheticus
999 1777 1158 1842 namque,
1187 1766 1226 1823 ut

268 1859 353 1934 dixi,
365 1865 399 1922 et
412 1859 506 1922 mirae
518 1860 714 1923 sanctitatis
729 1869 804 1924 erat
817 1860 929 1923 homo.
967 1860 1126 1943 Denique
1138 1879 1226 1944 prae·

268 1959 350 2024 fatae
378 1961 601 2025 acerbitatem
624 1961 830 2043 pestilentiae
856 1962 1002 2025 triennio
1025 1963 1226 2044 priusquam
1238 1980 1269 2025 rs

269 2062 401 2128 veniret
416 2063 528 2127 Eatan
547 2063 665 2127 abbati
685 2082 748 2126 suo
767 2064 930 2146 praedixit
944 2063 1051 2128 luisse
1067 2064 1227 2142 futuram,

268 2183 331 2227 nec
347 2185 384 2229 se
399 2164 461 2228 illa
475 2163 663 2228 tollendum
678 2164 823 2245 celavit3
845 2165 958 2248 ipsum
970 2184 1050 2229 vero
1066 2167 1227 2229 abbatem

270 2285 369 2328 suum
395 2285 464 2328 non
489 2284 532 2331 ea
549 2266 757 2344 moriturum,
783 2267 844 2330 sed
872 2267 934 2330 illo
957 2269 1073 2349 potius
1098 2268 1227 2345 morbo,

269 2386 371 2449 quem
394 2366 625 2449 dysenteriam
650 2367 773 2431 medici
797 2368 985 2450 appellant,
1009 2368 1170 2445 veridico,
1187 2374 1228 2431 ut

267 2487 380 2531 rerum
400 2470 514 2532 exitus
536 2470 662 2547 docuit,
677 2489 831 2533 sermone
843 2471 1059 2552 praemonuit.
1105 2469 1172 2532 Sed
1193 2475 1271 2533 etro

270 2566 462 2632 Cudbercto
487 2570 577 2634 inter
600 2571 680 2648 alia,
703 2571 785 2652 quia
809 2572 992 2654 episcopus
1018 2579 1112 2635 esset
1136 2570 1226 2634 ordi-

267 2667 403 2733 nandus
421 2670 619 2736 insinuavit.
666 2670 766 2735 Unde
785 2673 875 2735 idern
896 2671 1107 2737 Cudberctus
1129 2679 1227 2755 post·

268 2769 407 2833 modum
436 2771 472 2835 in
499 2792 638 2836 secessu
667 2773 915 2837 anachoreseos
943 2775 1088 2856 positus,
1116 2775 1227 2838 dicere

269 2870 407 2950 quidem
431 2874 517 2936 nulli
542 2875 694 2952 volebat,
714 2876 797 2959 quia
818 2876 1017 2958 episcopum
1038 2895 1116 2939 eum
1138 2894 1228 2957 prae·

271 2971 396 3036 dixerit
411 2973 583 3058 futurum3
607 2979 668 3042 sed
683 2986 798 3042 tamen
813 2979 1034 3043 visitantibus
1047 2997 1084 3041 se
1096 2977 1228 3060 aliquo·
1239 2994 1269 3040 ss

271 3072 336 3135 ties
352 3072 541 3156 Fratribus,
554 3079 688 3144 solebat
697 3081 805 3144 multo
818 3100 895 3143 cum
907 3081 1023 3144 dolore
1034 3080 1227 3163 protestari,

269 3180 278 3206 ⁴
296 3171 391 3250 Quia
406 3177 509 3241 etiam
522 3180 551 3241 si
563 3180 636 3243 fieri
651 3181 774 3263 possit,
785 3189 823 3244 ut
837 3181 873 3243 in
887 3189 988 3245 caute
1000 3181 1229 3264 permodicam

270 3273 509 3342 domunculam
530 3279 660 3344 habens
680 3281 851 3358 deliteam,
872 3282 931 3345 ubi
952 3280 1228 3346 circumferentes

269 3393 323 3437 me
333 3376 483 3459 nudique
495 3379 619 3443 fluctus
632 3383 753 3445 oceani
763 3381 984 3446 tumescentis
995 3403 1016 3446 a
1027 3390 1228 3447 cunctorum

267 3477 463 3540 mortalium
487 3481 564 3544 visu
591 3483 719 3563 pariter
743 3489 778 3545 et
804 3484 998 3565 cognitione
1027 3483 1271 3565 recludant3ao

268 3595 332 3639 neo
348 3578 398 3640 sic
418 3580 555 3660 quidem
572 3582 714 3645 liberum
735 3603 788 3647 me
809 3587 852 3649 ab
870 3585 1004 3648 insidiis
1027 3586 1144 3649 mundi
1164 3584 1228 3648 fal·

268 3678 372 3741 lentis
396 3681 540 3758 aestimo,
566 3683 627 3746 sed
653 3683 700 3746 ibi
726 3704 874 3767 quoque,
902 3686 983 3768 quia
1008 3686 1161 3769 qualibet
1184 3705 1228 3749 ex

268 3798 377 3844 causa
391 3780 602 3866 philargyria
619 3805 673 3849 me
694 3793 831 3851 tentans
852 3788 1007 3869 abripere
1028 3788 1150 3870 possit,
1169 3808 1228 3851 ve-

267 3883 362 3944 reor!
