2850 4890
216 342 279 407 1112
501 359 592 407 vrrs
610 359 640 407 s.
658 359 891 420 cunsuncrr,

47 531 195 581 amoos.
218 517 428 595 indumenta,
455 538 534 601 quae
569 519 825 583 sanctissimum
853 536 979 600 corpus
1008 516 1096 601 ejus,
1117 515 1175 581 ‘vel

48 1404 120 1445 netes.

219 620 346 697 vivum,
365 620 419 684 vel
439 621 623 703 sepultum,
639 621 841 698 vestierant,
861 640 882 684 a
902 619 1014 702 gratia
1035 619 1176 683 curandi

220 738 288 783 non
302 728 440 784 vacant.

538 954 699 1022 CAPUT
722 953 858 1020 XLIV.

238 1125 385 1197 Qualiter
399 1137 533 1213 (cyrotus
547 1126 592 1189 od
606 1124 739 1189 tumbam
754 1125 821 1212 ejus
833 1126 878 1190 sit
891 1126 1012 1190 mando
1026 1137 1162 1191 curatus.
1203 1147 1216 1189 ⁵

50 1351 186 1393 rmnemr.
221 1332 240 1416 ς
254 1333 308 1396 74.
331 1332 515 1408 Dsnrous
531 1330 718 1395 adveniens
735 1332 971 1396 transmarinis
986 1351 1006 1395 e
1021 1299 1178 1414 partibus

220 1435 363 1499 clericus
375 1433 513 1516 quidam
528 1432 793 1496 reverentissimi
807 1440 842 1496 et
856 1435 1066 1498 sanctissimi
1079 1433 1178 1498 Uuil-

221 1537 334 1601 brordi
359 1534 545 1607 Clementis
570 1534 759 1598 Fresonum
780 1537 890 1617 gentis
909 1537 1075 1621 episcopi,
1098 1537 1178 1600 dum

223 1639 356 1721 aliquot
382 1638 455 1701 dies
479 1636 604 1700 ibidem
623 1635 749 1718 hospes
774 1648 973 1717 moraretur,
991 1639 1119 1714 decidit
1141 1640 1179 1703 in

221 1741 451 1806 infirmitatem
472 1739 717 1821 gravissimam,
731 1739 783 1803 ita
804 1748 853 1818 ut,
870 1741 1103 1806 invalescente
1117 1761 1180 1824 per
1191 1760 1221 1805 ιο

222 1845 358 1924 longum
379 1848 513 1922 tempus
534 1842 704 1916 molestia,
722 1841 795 1925 jam
816 1841 1019 1925 desperatus
1035 1843 1178 1926 Jaceret.

224 1945 293 2024 Qui
309 1963 385 2006 cum
401 1943 513 2007 victus
529 1943 643 2008 dolore
658 1943 832 2009 videretur
845 1945 911 2008 sibi
925 1964 989 2008 nec
1003 1945 1101 2022 mori,
1115 1964 1180 2009 nec

222 2048 347 2122 vivere,
362 2062 477 2127 posse,
491 2045 631 2109 invento
643 2046 772 2111 salubri
787 2047 942 2124 consilio,
958 2045 1048 2110 dixit
1061 2047 1181 2110 minis-

224 2156 276 2212 tro
296 2164 370 2223 suo,
392 2144 570 2211 ‘Obsecro
592 2147 761 2230 perducas
784 2168 837 2213 me
861 2147 961 2212 bodie
986 2156 1067 2231 post
1092 2151 1181 2213 cele-

223 2250 341 2313 bratas
356 2245 497 2323 Missas,
513 2248 654 2313 adorare
669 2250 713 2314 ad
732 2269 856 2332 corpus
872 2250 1100 2315 sacratissimi
1114 2251 1221 2315 viriis

224 2350 302 2427 Dei,
314 2347 405 2434 (erat
419 2349 508 2411 enim
524 2348 610 2413 Dies
625 2350 836 2437 Dominica‚)
847 2372 947 2435 spero
961 2353 1180 2435 pergratiam

223 2449 479 2517 intercessionis
502 2450 577 2533 ejus
600 2450 653 2515 bis
674 2456 882 2519 cruciatibus
901 2455 1038 2538 eripiar,
1061 2462 1102 2518 ut
1123 2455 1180 2517 vel

225 2559 368 2619 sanatus
381 2550 425 2613 ad
441 2562 642 2632 praesentem
653 2557 762 2621 vitam
773 2557 920 2635 redeam,
931 2557 987 2622 vel
998 2556 1181 2622 defunctus

224 2653 421 2740 perveniam
442 2651 486 2715 ad
508 2658 692 2719 aetemam.’
736 2659 835 2723 Fecit
856 2659 915 2723 ille
933 2666 974 2722 ut
991 2665 1182 2740 rogaverat,

225 2755 417 2835 baculoque
439 2753 641 2819 innitentem
662 2767 827 2840 aegrotum
846 2761 882 2824 in
906 2760 1087 2824 ecclesiam
1111 2778 1222 2823 nonao

225 2876 331 2944 parvo
356 2874 433 2919 cum
456 2855 573 2919 labore
594 2858 765 2939 perduxit.
811 2859 881 2938 Qui
903 2880 980 2924 cum
1001 2859 1046 2923 ad
1067 2861 1183 2944 sepul-

226 2961 342 3026 chrum
370 2957 578 3020 sanctissimi
608 2979 650 3023 ac
680 2959 756 3024 Deo
786 2960 901 3026 dilecti
931 2962 1049 3027 Patris
1071 2981 1183 3044 genna

227 3065 395 3136 curvaret,
408 3066 513 3142 caput
532 3060 568 3122 in
589 3068 713 3125 terram
735 3063 934 3142 dimitteret,
949 3083 1011 3147 pro
1027 3083 1092 3128 sua
1107 3084 1182 3129 sos-

228 3168 337 3255 pitate
352 3168 495 3245 rogaret,
510 3168 627 3225 tantas
645 3165 806 3228 continuo
824 3166 915 3230 vires
936 3186 1035 3230 suum
1056 3186 1182 3250 corpus

229 3271 271 3338 de
293 3269 487 3346 incorrupto
509 3263 602 3327 illius
628 3284 768 3347 corpore
795 3267 972 3351 accepisse
999 3269 1180 3350 persensit,
1193 3287 1222 3334 as

229 3380 268 3441 ut
296 3371 425 3452 absque
454 3365 572 3430 labore
600 3366 676 3448 ipse
704 3368 747 3431 ab
783 3368 938 3433 oratione
971 3378 1181 3451 resurgeret3

230 3479 359 3560 ubsque
373 3468 580 3534 adminiculo
595 3469 650 3531 vel
664 3468 810 3531 ministri
822 3467 990 3546 ducentis,
1002 3470 1057 3534 vel
1068 3471 1182 3535 baculi

230 3572 466 3650 sustentantis,
481 3569 525 3633 ad
540 3568 726 3652 hospitium
743 3569 876 3635 rediret.
922 3569 992 3648 Qui
1012 3579 1093 3653 post
1107 3572 1182 3637 dies

232 3698 359 3775 ptarrcos
384 3675 543 3741 roborata
563 3670 607 3735 ad
626 3671 793 3752 integrum
810 3672 946 3749 virtute,
964 3674 1056 3737 viam
1078 3694 1183 3757 quam

232 3783 446 3873 disposuerat
459 3773 600 3860 peregit.
1195 3796 1226 3841 3⁰

278 4018 396 4069 «mppr
411 4000 523 4075 xnlv.]
559 4003 689 4053 vit.Met.
726 4005 774 4062 113
803 4001 855 4065 Op.
868 4002 984 4067 Alcuini,
1000 4004 1028 4052 ii.
1046 4008 1104 4068 183,
1120 4007 1184 4055 edit.
