2850 4890
284 334 384 382 srsr.
401 334 484 382 sss.
501 335 769 394 oravausrum
786 336 899 384 auor.
916 336 1034 384 Aaou.
1082 320 1148 386 327

194 487 313 539 cantata
325 479 422 540 Missa
437 480 475 539 ad
490 488 624 541 sanctum
636 481 759 540 Petrum
770 492 800 542 et
809 481 849 541 ad
861 489 995 540 sanctam
1010 480 1146 553 Mariam,

193 574 223 624 et
242 567 525 626 communicantibus
539 566 589 647 qui
604 567 736 637 aderant,
750 567 907 627 confestim
922 576 1042 646 paratos
1059 575 1149 626 vocat

193 651 298 711 fratres
313 671 415 710 omnes
431 652 459 710 in
473 652 632 713 ecclesiam
645 654 722 712 beati
737 653 832 724 Petri,
847 662 932 730 rogat
944 673 999 733 pro
1011 673 1043 711 se
1055 672 1148 722 orare,

194 737 268 796 dicit
290 746 321 797 et
342 739 405 816 ipse
426 741 596 809 orationem,
624 738 762 798 accendit
785 739 957 819 thymiama,
976 739 1149 817 habensque

164 824 224 884 ain
239 843 327 881 mauu
345 823 524 883 thuribulum
542 825 679 883 consistit
698 826 726 882 in
744 824 883 902 gradibus
899 825 951 882 ubi
965 824 1061 902 legere
1078 843 1149 882 con·

194 916 305 977 suerat,
330 908 382 967 dat
404 910 536 968 osculum
560 909 703 990 plurimis,
727 929 796 968 nam
823 931 860 969 ne
888 909 1023 968 omnibus
1047 917 1152 988 posset
1243 939 1245 944 ·

195 995 277 1054 luctu
305 1003 335 1052 et
364 1015 419 1052 suo
446 1004 476 1054 et
503 996 633 1075 ipsorum
659 995 845 1074 praepeditur.
900 994 1057 1072 Egreditur
1081 1013 1150 1054 cunr
1247 1066 1250 1078 ,

195 1079 343 1139 thuribulo
360 1079 399 1139 ad
415 1083 574 1140 oratorium
589 1082 667 1139 beati
681 1081 830 1140 Laurentii
844 1081 992 1160 martyris,
1007 1079 1087 1157 quod
1105 1089 1152 1139 est

195 1168 223 1225 ia
245 1166 416 1226 dormitorio
436 1165 567 1236 fratrum,
590 1175 751 1244 sequuntur
772 1176 802 1224 et
823 1166 880 1246 ipsi
900 1173 1054 1225 cantantes
1076 1166 1152 1224 anti-

152 1254 325 1333 saphonem
345 1251 383 1310 de
402 1253 546 1331 propbeta
564 1251 680 1311 ‘Viam
692 1254 841 1332 justorum
859 1261 942 1310 recta
955 1252 1036 1310 facta
1050 1258 1106 1320 est,
1123 1259 1153 1309 et

195 1338 250 1396 iter
266 1345 433 1397 sanctorum
452 1347 647 1416 praeparatum
664 1346 721 1409 est,
743 1347 774 1397 et
788 1338 972 1396 ambulantes
987 1336 1025 1395 de
1045 1337 1152 1396 virtute

196 1425 225 1482 in
240 1423 397 1493 virtutem,’
411 1422 552 1501 adjuncto
566 1434 596 1483 et
610 1424 724 1503 psalmo
736 1424 922 1501 sexagesimo
937 1432 1034 1492 sexto,
1049 1420 1153 1480 ‘Deus

197 1510 370 1569 misereatur
383 1509 479 1578 nobis,
494 1517 524 1568 et
537 1508 694 1568 benedicat
708 1529 774 1579 uos,
790 1508 930 1568 inlumina
941 1509 1054 1567 vultum
1067 1527 1153 1566 suum

198 1615 286 1674 super
311 1614 375 1666 nos,
399 1600 430 1652 et
453 1595 624 1653 miscreatur
650 1594 756 1653 nobis!
798 1594 839 1653 Et
859 1594 899 1652 ibi
927 1595 1047 1653 incenso
1071 1593 1154 1651 thure

153 1698 185 1742 15
197 1683 311 1749 exiens,
333 1699 447 1738 rursum
466 1679 624 1758 alloquitur
643 1700 744 1740 omues
763 1688 798 1738 ut
818 1699 923 1758 pacem
945 1680 1071 1738 invicem
1093 1698 1154 1736 ser·

197 1775 278 1836 vent,
303 1767 341 1824 ab
360 1765 448 1834 odiis,
466 1766 697 1825 detractionibus
715 1773 746 1824 et
763 1765 912 1823 scandalis
933 1772 1068 1832 caveant,
1084 1784 1153 1843 pec·

197 1861 299 1912 cantes
308 1871 443 1930 quosque
448 1853 538 1928 juxta
546 1860 723 1932 praeceptum
737 1850 892 1928 Evangelii
901 1849 1008 1928 singuli
1019 1850 1154 1929 primurn,

198 1937 305 1997 deinde
325 1937 385 1995 bini
401 1936 449 1995 vel
466 1937 539 1995 terni
553 1936 739 2016 alloquantur
756 1945 845 2015 atque
863 1935 902 1994 ad
922 1936 1001 1995 viam
1022 1935 1154 1995 veritatis

197 2043 337 2083 revocare
366 2032 511 2099 satagent,
536 2031 566 2082 et
593 2022 619 2080 si
646 2022 760 2083 fructus
787 2031 928 2100 sequatur
951 2021 989 2080 de
1013 2020 1155 2080 industria

154 2127 187 2172 20
198 2108 358 2188 gaudeant,
373 2108 418 2167 sin
433 2108 518 2177 alias,
533 2108 576 2166 sic
591 2107 709 2166 tandem
724 2107 762 2167 ad
777 2108 927 2187 publicum
942 2127 1042 2166 eorum
1059 2115 1155 2166 errata

197 2194 356 2276 proferant,
372 2193 559 2253 concordiam
577 2194 776 2272 unitatemque
792 2213 958 2271 germanam
975 2211 1044 2252 cum
1060 2191 1155 2251 fratri·

199 2282 256 2340 bus
284 2280 333 2360 qui
358 2287 460 2338 essent
482 2278 521 2337 ad
549 2290 682 2338 sanctum
705 2278 836 2337 Paulum
860 2276 1040 2346 custodiant,
1066 2296 1154 2335 unum

200 2375 388 2444 utrorumque
405 2365 611 2424 monasterium
631 2385 698 2424 esse
712 2364 894 2423 meminerint
908 2363 946 2422 ab
960 2362 1062 2422 eodem
1078 2383 1155 2420 sern-

200 2472 253 2531 per
266 2451 373 2510 abbate
387 2450 558 2529 regendum,
575 2471 610 2509 ne
625 2458 710 2529 rupto
724 2450 834 2509 itineris
848 2447 956 2510 foedere
967 2447 1156 2507 fraternitatis

157 2557 188 2603 25
200 2536 346 2618 pandatur
357 2538 465 2596 exteris
474 2538 569 2616 janua
580 2537 693 2596 nocivae
707 2535 881 2615 irruptionis,
890 2537 980 2612 juxta
990 2532 1157 2612 exemplum

202 2623 344 2683 Hebraeae
368 2624 474 2702 plebis,
503 2643 580 2701 quae,
606 2631 639 2681 ut
662 2642 714 2702 per
736 2621 888 2680 stultitiam
913 2619 965 2679 filii
990 2618 1157 2679 Salomonis

201 2718 305 2769 contra
330 2709 458 2788 seipsam
479 2707 577 2767 divisa
600 2717 658 2778 est,
681 2727 829 2787 nunquam
852 2705 891 2765 ad
913 2716 1034 2767 externa
1056 2706 1158 2784 acqui-

201 2795 270 2855 evit.

243 2885 320 2954 §tta
354 2879 513 2959 Completa
530 2878 720 2948 allocutione,
734 2898 835 2936 rursus
853 2884 985 2936 assumta
1000 2876 1159 2956 antiphona
1181 2887 1329 2939 Heemuarm,

158 2984 268 3029 aucum
289 2966 404 3045 psalmo
427 2976 586 3024 memorato
611 2964 796 3042 egrediuntur
818 2962 856 3039 ad
879 2958 1010 3031 fluvium,
1033 2961 1158 3039 lugubro

202 3052 330 3112 carmine
354 3061 465 3131 patrem
491 3059 591 3130 utpote
605 3051 669 3127 jam
690 3049 881 3108 decessurum
899 3045 1090 3116 deducentes,
1112 3047 1159 3105 iti·

202 3138 329 3216 demque
353 3137 476 3214 singulis
505 3137 639 3194 osculum
665 3136 747 3215 pacis
772 3134 835 3204 dat,
859 3134 1021 3213 intercepto
1050 3134 1159 3212 saepius

202 3232 291 3284 cautu
313 3243 372 3303 prae
394 3221 533 3291 lacrimis,
552 3231 583 3280 et
603 3220 684 3280 dicta
702 3223 730 3279 iu
751 3220 847 3281 littore
867 3220 1010 3290 oratione,
1025 3217 1161 3278 ascendit

201 3330 319 3379 navem,
341 3307 450 3367 residet
474 3308 502 3365 in
527 3328 624 3388 prora,
651 3306 789 3366 sederunt
799 3303 1063 3385 juxta'diacoues,
1084 3324 1160 3363 uuus

160 3413 191 3458 aa
204 3414 323 3454 crucem
345 3413 435 3474 quam
460 3392 573 3452 fecerat
599 3413 727 3464 auream,
749 3393 824 3452 alter
852 3410 954 3452 ocreas
983 3398 1086 3451 teneam
1114 3411 1160 3449 ar-

203 3480 317 3541 dentes.

247 3571 323 3638 §22
360 3564 502 3623 Currente
516 3571 596 3623 trans
610 3562 731 3622 fluvium
749 3563 828 3630 navi,
843 3569 1001 3642 aspectans
1016 3569 1119 3620 contra
1132 3561 1160 3619 in
1181 3579 1221 3619 anu
1232 3578 1332 3638 proaem

204 3660 359 3711 moerentes
381 3671 436 3709 suo
455 3651 599 3709 abscessu
619 3649 734 3718 fratres,
757 3647 938 3728 audiensque
963 3666 1068 3706 sonum
1092 3646 1161 3704 sub·
1181 3628 1312 3730 ζ’ζγιῗηοω·

205 3737 303 3796 limem
323 3735 405 3793 mixti
425 3755 493 3795 cum
507 3734 589 3794 luctu
605 3735 752 3803 carminis,
771 3733 937 3792 nullatenus
951 3733 1046 3791 valuit
1060 3731 1124 3809 ipse
1144 3750 1162 3789 a

161 3841 193 3887 ao
205 3822 334 3900 singultu
346 3830 375 3880 et
388 3820 514 3878 lacrimis
530 3829 703 3898 temperare.
748 3816 823 3877 Hoc
838 3827 937 3877 autem
951 3818 1045 3877 solum
1061 3816 1164 3874 crebra

205 3928 281 3970 voce
310 3906 436 3986 repetiit,
466 3912 474 3936 ‘
499 3904 627 3974 Christe,
657 3905 794 3963 miserere
821 3903 864 3961 illi
892 3903 997 3962 coetui!
1034 3901 1163 3960 Domine

206 3994 413 4072 Omnipotens,
438 3999 557 4071 protege
581 3988 662 4048 illam
682 3988 852 4050 cohortem!
888 3987 959 4048 Scio
983 3996 1082 4047 autem
1102 4007 1165 4046 cer·

205 4079 323 4140 tissime
341 4077 412 4158 quia
431 4075 529 4137 nullos
551 4095 683 4156 unquam
701 4075 838 4137 meliores
860 4073 919 4135 illis
941 4083 972 4134 et
993 4073 1165 4155 promtiores
