2850 4890
203 350 269 417 338
578 370 795 420 ΑνΡκΝυιΧ,

206 514 351 594 privilegii
369 535 387 574 a
405 513 525 574 domiuo
543 534 621 595 papa
643 516 776 584 missam,
795 535 854 595 qua
869 524 970 576 nostra
988 515 1111 578 libertas
1128 518 1166 578 ab

206 602 284 660 omni
309 601 476 659 extrinseca
503 601 668 660 incursione
692 610 845 671 tutaretur,
872 601 1059 681 adportavit3
1087 625 1165 664 nunc

206 687 336 765 picturas
351 695 516 745 sanctarum
531 687 730 755 historiarum,
742 707 810 764 quae
827 707 884 746 non
905 686 945 746 ad
963 699 1164 749 ornamentum

207 771 393 830 solummodo
407 771 556 840 ecclesiae,
571 792 672 830 verum
688 770 727 829 ad
747 773 965 832 instructionem
979 775 1165 844 intuentium,

206 866 444 934 proponerentur,
471 856 603 925 advexit,
630 855 781 927 videlieet,
806 867 839 916 ut
858 859 909 938 qui
941 879 992 937 per
1020 860 1195 920 literarumo

164 948 171 960 “
208 941 362 1000 lectionem
377 963 434 1000 non
454 950 576 1022 possent
589 962 680 1020 opera
695 941 815 1001 Domini
831 952 861 1002 et
880 942 1045 1005 Salvatoris
1062 947 1164 1016 nostri,

207 1047 259 1106 per
272 1027 401 1106 ipsarum
415 1029 568 1087 circuitum
581 1026 730 1087 discerent
741 1029 909 1105 imaginum.

204 1141 207 1149 ·
250 1117 306 1185 Μ.
334 1112 397 1178 Qui
421 1115 450 1171 in
474 1114 519 1172 lris
543 1123 573 1170 et
597 1113 765 1192 hujusmodi
790 1115 878 1173 rebus
903 1113 971 1173 ideo
995 1122 1055 1173 tam
1079 1116 1164 1194 plura

207 1196 340 1257 laborare
361 1197 484 1266 studuit,
500 1218 535 1257 ne
551 1199 635 1259 nobis
653 1199 752 1277 aliqua
771 1200 815 1258 sic
831 1199 985 1259 laborandi
1003 1208 1166 1261 remaneret

207 1284 389 1349 necessitas;
419 1283 488 1342 ideo
514 1285 602 1342 toties
628 1285 818 1343 transmarina
845 1284 914 1343 loca
941 1284 1025 1353 adiit,
1053 1296 1087 1345 ut
1112 1303 1206 1347 nesto

204 1370 343 1427 omnibus
365 1369 496 1443 scientiae
515 1369 650 1427 salutaris
668 1368 795 1447 dapibus
810 1370 995 1430 abundantes
1013 1371 1088 1430 intra
1102 1392 1164 1430 mo-

207 1455 323 1512 nasterii
340 1453 470 1512 claustra
484 1456 638 1534 quiescere
652 1464 682 1513 et
695 1474 762 1513 curn
778 1475 881 1514 secura
897 1455 1033 1515 libertate
1043 1456 1164 1516 Christo

207 1540 316 1597 servire
343 1560 497 1616 queamus.
542 1540 603 1604 Qui
631 1541 719 1599 etiam
745 1559 813 1598 cum
841 1542 972 1621 corporis
995 1541 1164 1602 infirmitate

206 1625 400 1703 corriperetur
424 1626 661 1704 premereturque
685 1625 833 1694 acerbius,
859 1646 975 1705 semper
996 1627 1070 1685 inter
1095 1626 1163 1686 Deo

209 1709 325 1768 debitas
341 1711 496 1786 gratiarum
512 1711 656 1784 actiones,
675 1711 713 1770 de
730 1712 983 1782 monasteriorum,
998 1733 1073 1791 quas
1089 1712 1205 1773 didi-1⁵

208 1803 289 1853 cerat
310 1793 521 1875 docueratque,
545 1796 654 1872 regulis
679 1795 843 1865 servandis,
867 1817 982 1876 semper
1005 1797 1047 1855 de
1066 1799 1163 1858 eccle·

209 1880 336 1938 siasticis
363 1881 629 1949 observationibus,
654 1901 728 1959 quas
756 1902 808 1960 per
840 1902 941 1940 omues
970 1884 1107 1942 civitates
1135 1893 1165 1942 et

207 1965 334 2022 maxime
349 1965 458 2024 Romae
472 1966 596 2034 viderat,
611 1986 727 2045 semper
747 1965 786 2024 de
804 1966 878 2025 locis
898 1968 1021 2037 sanctis,
1041 1987 1109 2046 quae
1131 1990 1164 2028 se

207 2050 349 2108 lustrasse
367 2054 509 2126 juvenem
534 2052 673 2119 meminit,
698 2051 777 2129 loqui
803 2061 832 2109 et
856 2053 960 2111 iterare
986 2053 1164 2114 delectabile

207 2135 347 2193 babebat.
384 2135 434 2196 Sic
446 2138 540 2215 longis
553 2138 689 2195 virtutum
700 2137 805 2195 studiis
814 2137 951 2197 suffultus
962 2147 993 2197 et
1004 2140 1163 2208 exercitiis,
1174 2156 1204 2200 20

205 2220 295 2298 longo
309 2221 427 2300 insuper
442 2243 519 2282 anno
534 2243 567 2281 se
582 2222 755 2281 infirmitatis
770 2224 908 2302 martyrio
922 2233 1078 2293 excoctus,
1097 2237 1165 2304 post

208 2306 347 2384 centupla
373 2308 474 2385 gratiae
501 2309 654 2388 praesentis
683 2327 814 2377 munera,
842 2307 881 2366 ad
912 2309 1003 2369 ritem
1031 2311 1166 2371 transivit

208 2401 356 2451 aeternam.
1100 2453 1102 2458 .

251 2483 306 2550 ξὸ.
330 2476 421 2536 Unde
443 2497 566 2536 necesse
585 2487 641 2545 est,
662 2475 778 2544 fratres,
797 2487 840 2545 ut,
862 2487 1002 2557 tanquam
1015 2479 1092 2546 ,boni
1112 2480 1163 2541 filii

208 2571 239 2621 et
265 2571 347 2621 tanto
374 2571 494 2641 parente
519 2562 611 2640 digni,
639 2563 776 2641 exempla
803 2572 834 2622 et
860 2573 1010 2642 praecepta
1034 2565 1113 2626 illius
1136 2567 1202 2628 into

207 2649 343 2707 omnibus
358 2668 475 2707 servare
490 2668 636 2717 curemus,
652 2668 746 2726 neque
763 2648 822 2706 ulla
839 2669 892 2707 uos
908 2670 927 2708 a
941 2651 1074 2727 vestigiis
1090 2653 1163 2711 tanti

208 2733 339 2792 ductoris
362 2733 521 2812 sequendis
544 2735 648 2793 animae
672 2734 718 2791 rel
743 2735 839 2792 carnis
860 2735 1000 2793 illecebra
1025 2747 1161 2804 revocet;

208 2829 354 2895 quatenus
379 2829 410 2878 et
430 2820 498 2898 ipsi,
520 2821 569 2898 qui
592 2819 727 2878 carnales
749 2819 885 2887 affectus,
906 2821 1162 2901 substantiamque

207 2904 378 2982 reliquimus
393 2913 547 2973 terrenam,
561 2905 610 2984 qui
627 2925 733 2963 uxores
749 2904 858 2963 ducere
873 2913 903 2962 et
916 2904 993 2963 lilios
1008 2907 1163 2967 carnaliter

207 3008 362 3067 procreare
398 2990 537 3067 angelicae
569 2991 799 3049 conversationis
828 3009 927 3048 amore
954 2990 1200 3060 fastidiumque

207 3085 385 3151 augescente
410 3077 547 3134 virtutum
575 3075 748 3154 spiritalium
773 3076 887 3143 merito,
912 3085 943 3134 et
966 3077 994 3135 in
1022 3081 1160 3155 praesenti

206 3161 374 3239 centuplum
396 3162 531 3239 accipere
547 3160 584 3218 rle
605 3161 748 3219 societate
766 3168 946 3229 sanctorum,
963 3170 994 3218 et
1011 3162 1039 3219 in
1059 3164 1162 3224 seculo

204 3255 327 3304 venturo
349 3248 438 3305 vitam
460 3246 611 3325 possidere
628 3266 792 3305 mereamur
808 3257 967 3314 aeternam:
991 3259 1160 3327 praestante,

205 3329 290 3406 [etc]

451 3583 471 3613 ³⁰
488 3587 519 3634 Et
532 3581 674 3656 exercitiis]
693 3588 838 3647 Exercitus,
852 3588 908 3637 MS.
