2850 4890
287 387 386 435 HlS'l'.
404 386 718 435 TRANSLA'I'IONIS
736 388 765 435 S.
783 388 1016 436 CU'I'HBERTI.
1071 371 1136 437 309

177 531 233 590 sub
253 532 318 610 ipso
338 532 469 610 ingressu
490 553 610 612 serpens
629 554 696 592 eum
720 532 895 603 dimittebat,
907 554 971 593 nec
995 533 1135 614 quamdiu

177 618 205 675 iu
225 616 355 676 ecclesia
373 619 539 677 morabatur
561 617 600 677 ad
620 638 688 677 eum
708 619 852 678 accedero
873 618 1011 679 audebat.
1057 619 1134 678 (lum

175 722 247 761 vero
266 704 360 762 exiret
377 704 508 783 protinus
529 703 608 762 collo
627 705 692 781 ejus
712 726 832 785 serpens
852 705 966 774 aderat,
988 715 1077 783 atque
1093 706 1135 764 ita

177 808 229 866 per
254 789 377 846 multum
398 799 513 867 tempus
539 788 598 847 tale
624 791 763 850 sustinuit
785 790 1015 859 incommodum,
1037 789 1133 848 donec

147 871 297 932 ntandem
321 872 430 932 salubri
451 873 573 933 consilio
596 895 679 946 usus,
701 877 792 934 tribus
812 877 957 935 coutinuis
980 875 1086 934 diebus
1105 884 1135 933 et

176 959 313 1016 noctibus
332 959 360 1017 iu
378 958 507 1018 ecclesia
525 979 611 1018 orans
631 962 767 1038 perstitit,
782 962 886 1041 sicque
908 960 1098 1040 postmodum
1116 980 1135 1019 a

177 1043 320 1122 serpentis
332 1043 492 1122 complexu
506 1043 648 1104 liberatus
663 1055 719 1106 est.
1056 1066 1060 1074 ”

217 1133 293 1201 ξ29.
317 1128 431 1188 Eodem
445 1137 589 1208 tempore,
605 1130 726 1208 quidam
744 1130 783 1191 ad
803 1131 934 1191 sollenne
954 1130 1134 1190 sanctissimi
1152 1145 1291 1207 Puuisurnem

176 1211 356 1273 confessoris
381 1215 489 1273 festum
513 1235 581 1274 cum
606 1215 723 1275 domiuo
747 1237 801 1275 suo
826 1227 958 1286 venerat,
987 1217 1038 1295 qui
1066 1237 1133 1275 cum
1152 1199 1262 1239 ΜΝ·

132 1316 164 1360 10
175 1319 264 1378 super
278 1301 443 1379 sepulcrum
458 1321 497 1358 ex
510 1300 727 1360 advenientium
739 1302 935 1362 oblationibus
951 1301 1134 1361 denariorum

175 1383 390 1443 multitudinem
404 1386 601 1464 conspiceret,
611 1386 719 1446 furtum
734 1389 830 1446 animo
845 1388 990 1467 concepit.
1013 1387 1129 1446 Acces-

175 1469 214 1527 sit
241 1471 341 1549 itaque
368 1480 400 1529 et
426 1478 557 1529 astantes
585 1470 726 1541 fallendo,
751 1471 820 1532 dum
848 1474 936 1552 quasi
963 1472 1132 1552 sepulcrum

175 1555 369 1624 oscularetur,
394 1555 433 1614 ad
457 1563 583 1635 quatuor
610 1556 658 1616 vel
686 1558 814 1636 quinque
839 1578 975 1617 nummos
1004 1578 1058 1616 suo
1083 1578 1133 1616 ore

175 1641 306 1700 attraxit.
352 1639 422 1700 Nec
442 1661 539 1709 mora;
562 1661 597 1700 os
616 1642 694 1701 illius
714 1645 791 1701 intus
813 1645 902 1722 coepit
922 1643 1034 1714 ardere,
1057 1643 1132 1701 adeo

132 1742 165 1786 15
176 1733 210 1784 ut
223 1724 331 1785 ferrum
346 1746 384 1784 ex
404 1727 471 1803 igne
489 1726 632 1798 caudens,
650 1730 728 1787 sicut
740 1737 846 1808 postea
866 1727 1024 1797 fatebatur,
1038 1728 1067 1786 in
1084 1748 1133 1787 ore

175 1831 232 1869 suo
249 1821 366 1888 gestare
387 1811 543 1872 videretur.
589 1813 747 1893 Exspnere
768 1834 900 1872 nummos
921 1813 1052 1882 volebat,
1079 1813 1134 1872 sed

175 1915 232 1955 nec
257 1897 368 1976 aperire
388 1917 422 1956 os
444 1906 568 1976 poterat.
614 1897 692 1957 Cum
719 1898 760 1957 ita
787 1898 974 1971 intollerabili
1001 1897 1133 1957 cruciatu

174 1989 370 2060 torqueretur,
392 1982 450 2040 huc
476 1993 565 2063 atque
588 1982 659 2043 illuc
684 2004 736 2062 per
760 1983 915 2043 ecclesiam
939 1982 1134 2055 discurrebat,

173 2074 264 2144 atque
279 2086 390 2136 omnes,
406 2067 476 2126 dum
490 2069 617 2127 insanire
631 2069 799 2148 putabatur,
814 2070 842 2126 in
857 2088 997 2149 pavorem
1013 2089 1135 2127 conver-

131 2167 164 2212 20
175 2153 268 2211 tebat.
312 2151 446 2212 Tandem
457 2153 495 2212 de
509 2144 607 2213 medio
622 2153 723 2234 populi
737 2175 927 2234 prorumpens
943 2153 981 2212 de
996 2154 1135 2224 ecclesia,

176 2236 214 2295 de
235 2236 304 2297 loco
324 2237 363 2296 ad
382 2238 481 2297 locum
501 2240 683 2298 incessanter
700 2240 901 2309 le1·ebatur,et
923 2260 991 2299 cum
1009 2259 1058 2297 ore
1077 2259 1136 2297 non

175 2332 290 2402 posset,
310 2323 462 2383 horrendis
482 2325 610 2384 motibus
630 2334 660 2383 et
680 2325 798 2384 nutibus
819 2327 945 2403 graviter
961 2345 994 2383 se
1013 2325 1137 2383 cruciari

173 2403 360 2468 ostendebat.
408 2409 458 2467 Ad
478 2410 610 2468 ultimum
634 2430 768 2470 reversus
791 2412 819 2468 in
843 2430 886 2479 se,
909 2410 948 2469 ad
970 2408 1136 2488 sepulcrum

175 2495 293 2554 concite
313 2496 442 2565 revertit,
457 2505 604 2574 prostrato
624 2517 745 2575 corpore
764 2497 879 2555 veniam
897 2516 915 2554 a
933 2503 1038 2553 sancto
1054 2515 1135 2575 quae-

132 2581 255 2651 aseivit,
281 2588 312 2640 et
335 2600 383 2639 res
407 2600 610 2662 quascumque
634 2582 739 2640 babuit
762 2581 876 2642 obtulit.
922 2580 1058 2659 Cumque
1070 2583 1136 2659 jam

176 2686 260 2725 suam
286 2687 373 2746 super
397 2666 564 2746 sepulcrum
584 2667 764 2727 oblationem
790 2688 900 2747 ponens
919 2666 993 2725 illud
1017 2667 1135 2726 oscula-

175 2759 265 2820 retur,
292 2753 402 2810 nummi
423 2752 460 2811 de
489 2773 537 2812 ore
565 2755 630 2831 ejus
653 2773 741 2833 super
764 2753 930 2832 sepulcrum
951 2751 1133 2812 ceciderunt.

176 2835 226 2895 Ita
257 2837 409 2919 liberatus,
438 2839 537 2897 statim
565 2859 731 2897 conscenso
759 2859 837 2919 equo
865 2839 946 2897 abire
974 2838 1134 2907 festinavit,

151 2923 231 2980 'uec
259 2941 388 3000 uuquam
416 2933 521 3001 postea
551 2923 751 2983 Dunhelmum
778 2924 877 2991 rediit;
915 2942 983 2981 nam
1011 2943 1079 2981 cum
1107 2924 1134 2981 ei

130 3023 163 3068 3⁰
174 3007 284 3085 saepius
314 3027 332 3065 a
360 3007 479 3067 domino
500 3031 554 3069 suo
576 3010 668 3069 multa
691 3008 817 3069 fuissent
840 3008 952 3077 oblata,
977 3015 1010 3066 ut
1033 3027 1134 3066 secum

174 3092 226 3151 illo
246 3092 369 3162 ueniret,
395 3113 452 3152 non
478 3094 574 3154 solum
599 3115 656 3153 non
678 3096 778 3154 venire
802 3094 908 3164 renuit,
928 3093 982 3152 sed
1000 3113 1056 3151 nec
1074 3103 1134 3150 tam

172 3198 279 3258 prope,
288 3186 324 3236 ut
334 3179 491 3238 ecclesiam
506 3180 607 3239 videre
619 3189 733 3259 posset,
747 3179 891 3240 accedere
903 3199 1032 3257 unquam
1044 3198 1133 3237 ausus

173 3272 232 3323 est.
537 3291 540 3296 Δ

217 3354 293 3422 530.
326 3348 418 3409 Anno
440 3352 479 3408 ab
501 3351 699 3411 incarnatione
724 3351 844 3411 Domini
867 3351 1022 3410 millesimo
1047 3371 1133 3409 sexa·
1154 3367 1255 3429 sentior

129 3450 160 3495 35
173 3435 286 3512 gesimo
306 3454 394 3505 nono,
410 3455 448 3494 ex
466 3457 525 3514 quo
543 3456 650 3518 corpus
665 3438 745 3497 beati
760 3437 915 3497 Cuthberti
933 3435 1133 3495 Dunhelmum
1153 3419 1238 3460 ⁰⁰¹¹¹¹⁰·

173 3521 212 3578 ab
240 3519 364 3579 Alduno
392 3529 440 3580 est
467 3523 621 3601 perlatum,
653 3523 872 3604 septuagesimo
905 3533 1021 3601 quarto,
1048 3523 1132 3580 tortio

215 3776 437 3840 ⁷Liberatuscst.]
463 3779 636 3840 ...inpere-
706 3775 727 3806 ³⁹
742 3781 824 3828 Ausus
835 3773 894 3846 eet]
912 3780 1013 3828 Simeon
1023 3779 1083 3828 here
1094 3780 1134 3828 in-

173 3851 339 3910 griuationem
362 3849 492 3910 profectus
516 3855 565 3910 est,
590 3864 636 3898 uec
671 3854 737 3898 serts
756 3865 771 3898 a
792 3849 898 3909 chapter
923 3851 1069 3910 respectiug
1089 3850 1132 3898 the

172 3935 286 3981 unquam
304 3925 395 3981 postea
415 3920 486 3967 visus
508 3921 535 3966 in
552 3921 638 3979 patria
673 3920 733 3980 gists
749 3919 845 3968 offered
864 3921 898 3980 by
917 3921 997 3981 Copsi
1016 3925 1042 3968 to
1064 3921 1134 3969 Dur·

175 4027 181 4039 .
196 4026 202 4040 .
219 3990 314 4041 ‚cunta
327 3991 353 4039 S.
367 3989 485 4039 Duuelm.
498 4002 538 4037 ιιι.
550 3991 596 4039 xii.
673 3991 741 4039 ham.

218 4057 228 4086 ⁸
246 4059 465 4123 Eodcmtenrpnre]
483 4060 510 4109 S.
519 4060 639 4110 Duuelm.
708 4057 728 4089 ³⁴
746 4053 840 4127 dnm]
865 4059 893 4108 S.
907 4060 1027 4121 Duuelm,
1039 4072 1079 4109 ιιι.
1090 4075 1133 4113 xv.

174 4143 216 4180 ιιι.
231 4145 288 4178 ιιιιι.
