2850 4890
562 343 652 391 rrru
670 343 699 391 s.
718 342 950 402 uunnnncrr,

608 633 769 698 CAPUT
792 634 904 698 XIII.

280 804 438 874 Quomodo
447 805 630 890 predicans
639 805 767 891 populis
773 804 1011 891 phantasticum
1021 804 1124 870 cubito
1135 807 1237 892 iguem

319 906 458 972 Diaboli
482 917 513 970 et
534 907 724 992 providerit
744 917 916 983 uenturum,
937 917 968 969 et
989 907 1158 973 venientem
1183 931 1238 973 ex·

319 1010 480 1073 stinucrit.

176 1266 183 1281 .
248 1265 254 1280 .
279 1214 363 1297 §2st
387 1213 524 1277 Eounm
542 1219 693 1295 tempore
712 1212 793 1276 dum
811 1211 1025 1293 congregatis
1039 1212 1076 1274 in
1090 1212 1239 1294 quadam
1266 1232 1280 1274 5

121 1311 260 1410 {¹¹}?0²⁸³,
277 1315 398 1380 villula
413 1313 626 1396 perplurimis
641 1312 795 1378 Verbum
813 1313 907 1378 Vitae
921 1313 1136 1395 praedicaret,
1150 1333 1238 1396 prae-

120 1413 168 1440 ω·
277 1415 365 1481 vidit
379 1416 492 1480 subito
507 1416 542 1477 in
558 1416 681 1497 spiritu
695 1416 873 1498 antiquum
888 1413 1036 1478 Hostem
1049 1414 1092 1479 ad
1108 1417 1239 1480 retard-

279 1516 404 1581 andum
419 1534 507 1598 opus
528 1517 651 1581 salutis
669 1516 803 1591 adesse,
819 1534 968 1597 moxque
988 1515 1063 1597 ejus
1081 1516 1239 1593 insidiae,

279 1636 366 1700 quas
408 1617 542 1681 suturas
584 1616 765 1692 intellexit,
808 1615 961 1679 docendo
998 1635 1240 1699 praeoccupare

279 1719 420 1783 curavit.
480 1717 639 1800 Namque
670 1717 761 1781 inter
794 1737 847 1794 ea,
883 1737 961 1800 quae
992 1717 1240 1800 disputaverat,
1252 1739 1283 1782 ro

279 1825 420 1901 repente
456 1817 652 1900 hujusmodi
690 1818 820 1881 monita
856 1817 1011 1895 inseruit,
1047 1823 1057 1853 ‘
1083 1817 1241 1901 Oportet,

281 1919 460 1994 carissimi,
474 1926 512 1982 ut
527 1918 663 2000 quoties
678 1917 776 1981 vobis
796 1920 961 2001 mysteria
975 1920 1070 2000 regni
1084 1921 1241 1986 coelestis

281 2019 524 2102 praedicantur,
544 2021 676 2083 intento
697 2019 771 2084 haec
793 2020 893 2084 corde
919 2031 955 2084 et
978 2040 1082 2085 sensu
1107 2041 1243 2105 semper

282 2120 547 2202 vIgilantissimo
582 2120 742 2198 audiatis,
774 2140 819 2184 ne
856 2121 943 2186 forte
980 2121 1150 2200 diabolus,
1182 2125 1244 2206 qui

283 2222 376 2286 mille
399 2221 545 2286 nocendi
567 2220 672 2285 habet
696 2232 800 2298 artae,
820 2223 1043 2304 supervacuis
1063 2243 1126 2287 vos
1151 2226 1242 2289 curis
1256 2245 1285 2290 1⁵

283 2324 329 2387 ab
352 2330 487 2388 aeternae
506 2323 629 2388 salutis
653 2323 829 2388 auditione
849 2324 1060 2407 praepediat!
1102 2324 1149 2392 Et
1168 2325 1243 2390 haec

285 2425 414 2501 dicens,
435 2426 547 2490 denuo
567 2427 744 2502 sermonis,
766 2447 867 2508 quem
889 2426 1132 2504 intermiserat,
1152 2429 1244 2493 ordi·

283 2546 362 2589 nem
388 2526 536 2608 repetiit,
563 2527 747 2609 statimque
775 2527 885 2591 hostis
918 2528 977 2591 ifle
1011 2529 1243 2611 nequissimus

284 2628 541 2711 phantasticum
560 2626 714 2691 deserens
734 2628 857 2709 ignem,
877 2629 1013 2691 domum
1029 2629 1135 2713 juxta
1149 2633 1243 2713 posi-

285 2738 355 2794 tam
369 2730 531 2807 incendit,
546 2731 596 2794 ita
612 2738 651 2794 ut
664 2730 859 2794 viderentur
877 2728 972 2793 laces
991 2730 1120 2811 ignium
1136 2739 1245 2797 totum
1256 2751 1287 2796 ao

284 2832 401 2896 volare
420 2851 482 2914 per
499 2832 663 2909 villulam,
681 2850 722 2895 ac
736 2830 882 2914 jurante
904 2838 1016 2909 vento,
1034 2830 1246 2914 frugescere

285 2940 476 2996 concutere.
503 2933 591 2996 Tum
604 2933 769 2997 exsiliens
783 2933 884 3014 quasi
900 2931 945 2996 ad
959 2933 1246 3015 exstinguendum

282 3034 396 3114 ignem
410 3034 512 3097 turba
526 3053 614 3115 pene
627 3041 713 3111 tota,
727 3054 832 3116 qnam
848 3035 1005 3112 docebat,
1019 3054 1098 3097 nam
1113 3056 1244 3118 paucos

285 3133 361 3216 ipse
377 3153 480 3196 manu
494 3135 601 3198 missa
620 3136 769 3212 retinuit,
784 3137 940 3200 certatim
955 3156 1065 3219 aquas
1075 3137 1245 3220 jactabat,

284 3253 348 3296 nec
375 3240 492 3297 tamen
519 3236 614 3298 unda
642 3256 724 3300 vera
751 3236 860 3301 falsas
892 3239 1005 3318 potnit
1038 3238 1287 3320 restinguerem

284 3335 452 3412 flammas
472 3337 590 3413 donec,
610 3345 729 3402 orante
749 3338 824 3404 viro
844 3338 911 3402 Dei
932 3338 1135 3417 Cudbercto,
1148 3339 1246 3422 suga·

284 3442 343 3498 tus
356 3444 476 3500 auctor
486 3436 710 3515 fallaciarum,
722 3440 803 3503 ficta
817 3460 934 3504 secum
945 3441 1105 3505 incendia
1115 3461 1246 3507 vacuas

285 3544 474 3617 reportaret
496 3539 666 3602 inauras.
709 3539 813 3616 Quod
834 3542 955 3606 videns
978 3545 1080 3609 turba
1101 3543 1245 3608 multum

287 3636 470 3700 salubriter
479 3639 622 3715 erubuit,
632 3659 815 3723 rursusque
826 3643 870 3706 ad
882 3644 990 3706 virum
1001 3644 1068 3707 Dei
1079 3645 1245 3726 ingressa,

287 3737 387 3799 flexis
406 3739 549 3818 genibus
569 3740 741 3805 instabilis
758 3743 864 3806 animi
879 3746 1014 3808 veniam
1030 3747 1246 3827 precabatur,
1258 3765 1288 3808 ao

371 4042 376 4069 ¹
395 4045 495 4092 Cneu‘r.
510 4040 604 4111 xlm]
624 4045 678 4093 Vit.
691 4046 756 4095 Met.
769 4048 835 4108 Cap.
846 4061 901 4107 x1.;
922 4049 975 4099 vit.
990 4048 1098 4114 Anous
1113 4055 1153 4099 19.
