2850 4890
456 374 637 422 lucrosa
654 373 743 420 vnu.
763 372 874 418 nunu.
1104 355 1147 418 37

187 529 322 594 Rursus
338 539 373 596 et
388 539 426 595 ut
440 551 573 595 summo
588 538 728 595 resonat
739 531 814 613 lyra
828 531 976 614 mystica
991 536 1106 606 cantu,

187 630 263 695 Nec
277 639 434 696 sanctum
451 631 561 708 dabis
576 629 669 709 Alte,
682 638 779 694 tuum
795 638 954 713 corrupta
966 629 1091 703 videre,

186 728 303 797 Aurea
315 734 464 798 lucifluae
478 734 602 816 pandis
618 733 673 797 cui
687 734 805 797 limina
820 733 913 798 vitae.

186 834 358 900 Humanis
374 837 493 901 divina
507 837 616 901 nitent
629 836 795 899 miracula
809 835 979 911 membris,

154 934 228 1002 sEt
242 937 382 1001 Domini
397 938 490 1002 celso
503 937 612 1019 fulget
626 957 705 1019 quae
715 936 793 1019 jure
808 943 976 1018 potestas,

185 1037 353 1123 Participi
368 1039 445 1102 fidis
461 1039 607 1102 donatur
621 1056 759 1101 munere
774 1039 893 1101 servis.

185 1139 393 1205 Intemerata
408 1159 507 1204 sacro
520 1136 721 1222 promuntur
733 1141 884 1203 membra
899 1138 1090 1220 sepulchro,

185 1241 434 1326 Nescioquam
450 1262 563 1318 noxae,
576 1249 646 1306 tam
662 1242 745 1305 dirae
760 1240 924 1304 immunia
936 1239 1035 1303 labis.

184 1342 218 1406 N
220 1363 258 1408 ec
274 1345 396 1407 durum
411 1364 451 1407 ac
466 1344 611 1425 rigidum
625 1361 720 1407 saeva
735 1361 798 1405 ceu
811 1348 918 1404 morte
934 1347 1124 1423 gravatum,

140 1464 171 1508 ro
183 1445 250 1509 Sed
265 1446 372 1509 veluti
386 1445 560 1528 placidum
574 1443 716 1525 capiunt
728 1443 809 1506 dum
822 1448 963 1524 pectora
976 1461 1143 1519 somnum,

185 1547 318 1611 Flexile
328 1547 403 1630 jam
417 1554 491 1610 tota
506 1565 630 1628 corpus
644 1563 808 1626 compage
823 1545 967 1608 videtur.

185 1648 260 1712 Nec
275 1649 384 1711 minor
398 1646 535 1712 eximiae
550 1647 721 1711 retinebat
735 1646 845 1727 gratia
858 1644 967 1709 vestis

184 1750 388 1832 Incorrupta
403 1749 489 1824 solo,
504 1756 644 1812 sanctos
660 1767 738 1830 quae
753 1752 888 1811 texerat
903 1752 1007 1810 artus.

185 1852 288 1915 Hanc
303 1852 386 1915 findi
399 1851 542 1933 placuit,
556 1851 705 1914 medium
718 1849 777 1932 pia
791 1850 941 1913 membra.
956 1868 1145 1944 reg-eptam,

141 1973 171 2018 rs
185 1953 349 2017 Servatur
361 1952 510 2017 medium
525 1951 614 2034 signi
627 1949 856 2032 memorabilis
871 1961 986 2025 index,

472 2194 632 2260 CAPUT
656 2196 853 2263 XXXIX.

188 2364 349 2442 Quomodo
377 2388 488 2453 corpus
517 2366 699 2431 Eadberlrti
723 2370 859 2455 episcopi
886 2371 919 2432 in
944 2371 1058 2435 tumulo
1081 2373 1144 2434 viri

225 2467 294 2530 Dei
320 2479 482 2552 ponentes,
508 2470 734 2557 sarcoplropum
763 2472 850 2536 illios
880 2473 1010 2559 desuper
1032 2496 1144 2560 posue·

224 2582 310 2635 ruat.

138 2791 171 2836 ao
222 2773 491 2844 Enosnnurus
507 2789 693 2864 postquam
707 2800 818 2844 rerum
832 2779 1000 2844 miracula
1014 2779 1126 2862 dignis

182 2875 359 2944 Laudibus
375 2882 557 2960 extulerat,
571 2901 672 2947 versu
687 2883 898 2946 memorabar
913 2888 949 2944 ut
963 2882 1044 2945 olim

182 2977 280 3044 Illius
296 2983 448 3064 egregios
462 2982 609 3048 referens
624 2985 790 3048 antistitis
804 2991 914 3061 actuS,

183 3080 349 3146 Febribus
364 3086 578 3168 excoquitur,
592 3085 834 3168 placidumque
844 3084 889 3148 ad
900 3083 1013 3147 sidera
1023 3084 1143 3148 flatum

181 3181 362 3264 EmittcnS,
374 3189 523 3269 patriam
538 3187 738 3251 conscendit
753 3205 892 3269 corpore
908 3185 1033 3249 sedem.

137 3304 169 3349 25
182 3285 339 3370 Desuper
354 3297 392 3352 at
407 3289 508 3353 celsae
525 3288 685 3371 splendor
699 3288 914 3370 componitur
927 3305 1028 3366 arcae,

181 3386 379 3453 Immortale
393 3391 499 3455 decus
514 3390 676 3454 cohibens
691 3409 770 3472 quae
782 3388 943 3472 martyris
958 3389 1040 3452 almi

181 3488 368 3573 Praefulget
380 3492 502 3556 mirum
518 3492 717 3557 coelestibus
730 3492 851 3556 inolita
866 3491 984 3573 signis.

182 3591 378 3656 Morborum
392 3593 529 3676 fugiunt
541 3594 650 3671 labes
664 3594 758 3657 furor
770 3594 895 3675 impius
909 3591 975 3656 atri

179 3694 358 3759 Daemonis
372 3698 519 3775 absistit,
533 3697 721 3779 vivensque
737 3695 871 3759 solebat
883 3701 922 3757 ut
936 3701 1016 3758 ante

136 3815 167 3859 ao
180 3795 359 3878 Signorum
370 3805 559 3862 monstrare
567 3798 682 3882 jubar,
692 3797 793 3861 modo
804 3797 853 3861 sic
863 3815 998 3880 quoque
1008 3797 1138 3879 passim

180 3896 360 3979 Spargitur
373 3904 410 3962 et
421 3898 559 3962 functos
574 3898 683 3965 virtus
698 3899 852 3962 miranda
866 3918 927 3980 per
941 3906 1045 3962 artus

213 4132 224 4164 ⁹
242 4131 381 4206 Rigidum]
398 4137 542 4202 Frigidum,
555 4139 591 4190 Η.
720 4136 739 4166 ¹⁶
757 4140 849 4188 Carus
883 4139 1027 4202 XXXlX.]
1082 4142 1138 4193 Vil.

679 4212 752 4259 l’ros.
765 4211 831 4272 Cap.
844 4222 920 4261 xmu.
