2850 4890
551 381 762 429 APPENDIX.

524 881 724 942 NUMBER
747 884 790 942 X.

180 1162 398 1229 HISTORIA
416 1162 733 1228 TRANSLATION
738 1164 777 1229 IS
798 1163 829 1227 S.
847 1163 1135 1229 OUTHBERTr.

560 1475 714 1535 CAPUT
735 1476 763 1534 I.

179 1650 192 1718 §
205 1652 235 1704 1.
258 1645 354 1706 Duos
366 1646 562 1726 omnipotens,
570 1648 654 1724 juste
665 1647 841 1716 misericors,
854 1646 1137 1726 misericorditerque
1151 1657 1186 1706 A.
1196 1658 1227 1706 D.
1237 1661 1294 1708 875.

149 1748 164 1791 5
173 1734 288 1810 justus,
315 1732 385 1792 dum
415 1741 531 1810 gentem
560 1732 726 1810 Anglorum
754 1754 807 1813 pro
836 1734 898 1791 suis
926 1734 1135 1813 multiplicibus
1153 1726 1307 1825 fflffil‘

180 1817 301 1877 offensis
324 1817 474 1894 flagellare
488 1816 666 1896 disponeret,
681 1839 860 1898 paganarum
875 1820 1014 1896 gentium,
1031 1819 1136 1879 Freso-
1152 1827 1310 1868 rnerrcmemes.

179 1924 250 1962 num
264 1903 404 1963 videlicet
423 1911 511 1981 atque
533 1903 695 1974 Bonorum,
715 1905 924 1963 immanitatem
944 1905 984 1962 illi
1007 1906 1137 1984 permisit

179 1988 330 2049 dominari.
376 1990 454 2055 Quae
466 1998 579 2067 gentes,
587 1988 763 2049 Vbbaduee
776 1990 932 2049 Frisonum
943 2001 973 2049 et
985 1991 1137 2051 Halfdene

179 2095 249 2153 rege
262 2075 414 2134 Danorum
429 2075 594 2152 agentibus,
609 2076 637 2134 in
655 2075 846 2146 Britanniam,
858 2097 924 2156 quae
936 2097 1013 2136 nunc
1024 2077 1138 2156 Anglia

136 2177 169 2222 10
179 2160 297 2231 dicitur,
311 2162 473 2230 venientes,
489 2162 516 2219 in
532 2170 591 2220 tres
605 2169 715 2220 turmas
730 2161 843 2231 divisae,
857 2163 948 2221 tribus
963 2163 991 2221 in
1006 2165 1137 2242 partibus

180 2256 286 2305 terram
306 2254 504 2327 pervaserunt.
550 2245 632 2305 Nam
648 2247 793 2306 Eboracae
807 2248 934 2306 civitatis
949 2250 1065 2319 moenia,
1080 2269 1138 2308 una
1227 2297 1231 2307 .

182 2352 221 2391 ex
252 2332 299 2391 his
332 2332 518 2402 restauravit,
553 2333 760 2412 regionemque
789 2333 816 2390 in
846 2334 969 2392 circuitu
1003 2333 1136 2393 incolens

181 2417 292 2477 ibidem
316 2419 469 2498 pausavit;
502 2418 621 2497 reliquae
649 2416 727 2487 duae,
755 2417 848 2476 multo
876 2420 933 2477 ista
965 2417 1135 2490 ferociores,

181 2525 303 2582 regnum
321 2504 499 2563 Merciorum
509 2513 674 2583 terramque
686 2503 872 2563 Australium
885 2503 1035 2563 Saxonum
1047 2524 1138 2564 occu-

137 2605 169 2650 15
180 2600 296 2670 parunt,
311 2589 465 2659 incendiis,
480 2590 599 2670 rapinis,
615 2598 705 2668 atque
719 2588 883 2648 homicidiis
900 2610 1138 2669 quaquaversum

181 2677 289 2745 omnia,
304 2683 366 2734 tum
379 2675 479 2734 divina
494 2683 555 2734 tum
576 2676 713 2744 bumana,
727 2676 963 2735 exterminantes.
1009 2675 1138 2736 Videres

181 2773 253 2821 tune
272 2760 386 2820 nobiles
400 2769 430 2820 et
443 2762 600 2840 praeclaros
615 2759 786 2820 sacerdotes
801 2762 879 2819 eirca
896 2761 972 2840 ipsa,
988 2761 1016 2819 in
1030 2763 1137 2841 quibus

183 2846 333 2907 Dominici
360 2846 500 2926 Corporis
527 2855 558 2906 et
586 2846 743 2924 Sanguinis
776 2855 966 2906 sacrosancta
997 2849 1139 2927 mysteria

182 2933 380 3002 confecerant,
405 2933 520 3002 altaria,
545 2932 693 3003 trucidari,
715 2932 841 3010 virgines
868 2934 940 3011 rapi,
966 2934 1139 2993 matronalis

138 3033 171 3078 20
177 3020 247 3098 jura
267 3019 354 3089 solvi,
370 3018 496 3077 infantes
514 3020 552 3077 ab
570 3018 643 3097 ipsis
661 3027 785 3077 matrum
800 3019 937 3077 uberibus
952 3019 1084 3090 avulsos,
1100 3018 1138 3078 ad

184 3113 289 3163 terram
304 3104 377 3163 alios
392 3103 472 3173 elidi,
487 3125 539 3182 per
553 3104 645 3182 pedes
660 3104 733 3163 alios
748 3104 900 3184 suspendi,
911 3104 985 3162 inter
998 3105 1139 3164 barbaras

182 3210 287 3249 manns
302 3190 377 3249 alios
392 3190 511 3270 decerpi
520 3211 528 3257 ;
551 3200 713 3268 postremo,
729 3210 823 3269 neque
838 3191 932 3260 sexui,
945 3210 1039 3269 neque
1050 3192 1140 3261 aetati,

183 3296 239 3335 nec
254 3276 305 3334 ulli
319 3296 439 3355 quoque
454 3275 567 3354 gradui,
582 3275 751 3334 crudelibus
766 3277 857 3355 parci.
901 3274 936 3335 N
937 3296 971 3335 ec
986 3277 1028 3336 sic
1043 3286 1141 3337 tamen

229 3559 236 3588 ¹
255 3560 263 3587 ‘
286 3561 327 3609 Ex
351 3560 440 3610 codice
462 3560 520 3608 MS.
543 3559 648 3608 Nicolai
680 3558 736 3621 ists,
748 3558 895 3620 compared,
912 3559 999 3608 where
1014 3561 1141 3621 practica-

184 3632 314 3690 Belt'ortii,
332 3631 453 3692 suppleta
476 3645 507 3679 ex
530 3630 648 3678 Historia
679 3629 730 3690 ble,
745 3629 796 3678 and
815 3631 840 3676 in
859 3644 907 3678 one
925 3630 1000 3692 place
1019 3630 1140 3690 supplied

184 3703 351 3752 Dunclmensi
364 3700 491 3762 Turgoti!
527 3701 595 3749 Note
614 3700 647 3761 by
678 3699 742 3748 from
760 3699 803 3747 the
821 3699 930 3760 History
945 3701 974 3748 ol
987 3700 1096 3759 Symeon
1114 3699 1144 3749 οἷ

183 3773 227 3822 the
244 3773 348 3821 Editors
361 3772 390 3821 oi
399 3772 441 3820 the
458 3771 525 3819 Acta
541 3772 647 3820 Sancto·
680 3770 805 3831 Durham,
825 3769 888 3818 edit.
908 3769 1034 3830 Bedford,
1056 3770 1138 3820 Lond.

184 3859 250 3893 rum.
288 3844 330 3891 No
349 3858 416 3903 copy
437 3841 466 3890 of
483 3842 526 3890 the
548 3842 606 3890 MS.
625 3843 647 3890 is
680 3844 754 3889 17³2.

184 3915 279 3963 known
298 3920 324 3962 to
343 3915 412 3962 exist
430 3913 457 3960 in
475 3913 518 3961 the
537 3911 646 3973 English
722 3908 840 3971 ⁴Dcua]
875 3908 924 3957 See
952 3909 1061 3970 Symeon
1085 3910 1139 3958 Du·

185 3984 332 4044 Libraries3
362 3985 406 4032 the
436 3983 517 4032 above
544 3988 600 4031 text
625 3983 647 4031 is
679 3981 756 4041 nelm,
769 3995 826 4040 cap.
839 3981 892 4028 xxi.

184 4055 340 4116 necessarily
351 4055 407 4104 that
420 4053 449 4103 of
462 4053 504 4102 the
522 4053 648 4102 Bolland·
722 4050 732 4080 ⁶
749 4048 899 4111 Fresorrum]
918 4049 1140 4112 Frisoonum,MS.
