2850 4890
409 375 591 425 loeronn
608 375 697 424 vnn.
716 373 827 422 nnnr.
1035 356 1099 422 109

139 531 247 617 Cujus
277 534 394 598 statim
423 541 464 598 ut
490 535 625 598 viscera
654 539 775 616 gustus
808 532 867 598 ille
901 552 1001 615 aquae
1034 552 1096 615 per
1113 539 1259 593 abesa

137 653 265 716 panem
285 635 522 700 sanctificatus
548 636 674 718 attigit,
696 635 784 717 fugit
807 634 905 698 dolor
928 635 1098 698 interane-

138 755 236 800 orum
259 737 381 817 omnis,
403 737 492 820 fugit
516 739 725 802 exteriorum
749 735 907 801 tabitudo
931 736 1098 800 membro-

138 856 225 900 rum.
280 837 356 902 Nec
379 858 486 916 mora,
515 838 714 921 expeditum
745 856 767 901 a
796 838 958 919 languore
987 837 1096 902 vimm

108 957 123 1000 e
141 939 236 1002 salus
253 940 439 1004 subsecuta
457 938 683 1017 confirmavit,
697 946 802 1020 atque
823 938 867 1001 ad
887 936 1096 1001 laudandam

136 1038 258 1103 famuli
284 1039 411 1104 Christi
437 1041 671 1118 sanctitatem,
694 1047 731 1104 et
756 1039 990 1103 admirandam
1017 1037 1096 1101 fidei

136 1159 208 1204 non
227 1140 316 1205 fictae
337 1140 508 1220 virtutem,
521 1142 641 1206 merito
658 1149 693 1206 et
709 1143 822 1223 ipsum
841 1147 878 1205 et
896 1159 1015 1204 omnes
1035 1140 1096 1222 qui

137 1241 348 1305 celeritatem
369 1248 439 1305 tam
465 1242 655 1326 inopinatae
681 1242 874 1307 sanationis
897 1240 1013 1306 videre
1038 1241 1094 1305 vel

137 1341 278 1407 audiere
292 1344 445 1408 sustulit.

92 1698 125 1743 1o
437 1681 598 1748 CAPUT
621 1682 797 1749 XXXII.

167 1845 315 1917 Qualiter
330 1850 465 1917 oblatum
479 1852 541 1918 sibi
556 1855 590 1918 ia
604 1856 867 1942 itinerejuvenem
883 1854 1064 1918 moriturum

336 1955 457 2018 orando
469 1966 629 2020 revocaret
643 1957 689 2020 ud
700 1958 809 2021 vitam.

138 2154 223 2240 §52
250 2157 423 2238 Quonam
438 2181 575 2244 quoque
591 2167 742 2243 tempore
760 2162 841 2224 dum
856 2159 1093 2225 sanctissimus
1111 2178 1266 2229 oure-ayone.

137 2264 248 2346 gregis
278 2264 439 2329 dominici
470 2272 592 2348 pastor
626 2285 691 2329 sua
725 2263 905 2329 lustrando
939 2265 1095 2329 circuiret

93 2383 124 2428 15
137 2365 254 2442 ovilia,
280 2366 419 2430 devenit
442 2366 478 2430 in
504 2373 668 2430 montana
690 2372 725 2429 et
750 2366 899 2447 agrestia
921 2366 1009 2443 loca,
1035 2365 1094 2428 ubi

135 2467 236 2530 multi
256 2475 355 2532 erant
374 2469 417 2531 de
438 2468 690 2551 circumpositis
708 2469 779 2532 late
802 2468 930 2531 villulis
955 2486 1095 2548 congre-

137 2567 221 2651 gati,
236 2569 361 2650 quibus
381 2589 504 2633 manus
527 2575 602 2633 erat
624 2568 840 2651 imponenda.
883 2568 959 2633 Nec
980 2577 1094 2632 tamen

135 2670 172 2733 in
184 2671 357 2734 montibus
373 2670 521 2735 ecclesia
531 2671 587 2736 vel
602 2670 698 2734 locus
712 2669 857 2736 inveniri
866 2670 979 2753 potuit
990 2675 1094 2751 aptus

136 2771 197 2854 qui
211 2771 405 2854 pontificem
421 2792 498 2837 cum
513 2791 577 2835 suo
598 2773 764 2837 comitatu
780 2772 981 2854 susciperet.
1026 2770 1093 2834 Te-

93 2873 319 2937 retenderunt
333 2893 412 2956 ergo
427 2875 458 2938 ei
473 2875 623 2938 tentoria
637 2875 751 2952 invia,
765 2880 801 2937 et
813 2874 914 2937 caesis
926 2873 968 2936 de
979 2871 1094 2936 vicina

136 2973 228 3039 silva
247 2975 461 3053 ramusculis,
482 2976 548 3039 sibi
570 2976 697 3058 quique
717 2975 939 3039 tabernacula
956 2974 1000 3037 ad
1023 2993 1096 3037 ma-

135 3076 296 3155 nendum,
314 3077 434 3159 qualia
454 3083 606 3160 potuere,
620 3077 777 3140 fixerunt.
822 3077 892 3141 Ubi
914 3076 994 3140 dum
1012 3096 1093 3140 con-

135 3177 322 3242 fluentibus
355 3178 399 3242 ad
430 3198 468 3242 se
496 3178 606 3242 turbis
634 3179 687 3243 vir
715 3177 782 3242 Dei
808 3177 960 3243 Verbum
987 3178 1092 3243 biduo

136 3279 350 3362 praedicaret,
366 3298 406 3343 ac
420 3278 568 3361 Spiritus
582 3278 702 3342 Sancti
717 3279 861 3360 gratiam
879 3298 986 3361 nuper
999 3300 1093 3362 rege-

95 3397 125 3442 25
136 3381 267 3460 neratis
282 3381 318 3444 in
333 3379 472 3446 Christo
493 3400 555 3463 per
572 3400 694 3444 manus
709 3382 961 3464 impositionem
974 3382 1094 3446 minis-

136 3488 264 3562 traret3
286 3501 378 3560 ecce,
393 3483 507 3546 subito
527 3489 759 3564 appamerunt
772 3484 930 3547 mulieres
945 3483 1093 3548 ferentes

135 3583 172 3647 in
187 3583 352 3664 grabbato
363 3581 536 3666 juvenem,
556 3583 668 3665 longae
684 3584 894 3666 aegritudinis
909 3586 1095 3650 acerbitate

136 3684 358 3763 tabefactum,
376 3693 613 3768 ponentesque
632 3686 668 3749 in
689 3686 784 3750 exitu
806 3686 914 3764 silvae,
929 3687 1096 3751 miserunt

138 3786 183 3850 ad
198 3786 410 3869 episcopum,
427 3793 598 3868 rogantes,
613 3794 652 3851 ut
672 3788 715 3851 ad
737 3788 972 3870 accipiendam
993 3789 1095 3852 bene-

173 4025 192 4057 ¹⁰
210 4030 304 4080 emur
311 4029 443 4092 xxm]
453 4030 508 4080 vit.
516 4032 601 4080 Auen.
669 4029 688 4060 ²⁴
705 4029 881 4099 Regeneratis]
900 4032 1096 4096 ‘Msassapti-

140 4097 153 4165 ξ
166 4102 207 4149 at.
635 4102 720 4166 zatia‚’
731 4104 798 4152 Acta
810 4103 855 4153 SS.
867 4117 918 4152 rar.
929 4104 983 4153 lect.
