2850 4890
443 346 625 395 nuoronn
642 347 731 395 vnn.
751 347 861 394 1111111.
1090 335 1134 397 (17

524 637 685 702 CAPUT
708 640 779 704 IX.

217 802 321 872 Quam
334 807 459 872 sedulus
473 830 547 893 erpa
562 810 769 875 ministerium
783 811 869 874 verbi
889 810 1081 878 Cuclberctus

563 914 734 977 exstiterit.

171 1110 258 1192 §lo
292 1113 394 1178 Posr
421 1115 551 1179 obitum
582 1134 662 1197 ergo
690 1114 807 1178 dilecti
835 1117 912 1180 Deo
941 1118 1128 1184 sacerdotis
1148 1132 1295 1184 1111001.

135 1233 151 1274 5
166 1212 290 1279 Boisili
309 1224 532 1282 memoratum
548 1216 732 1299 Praepositi
753 1216 898 1281 officium
914 1218 1128 1286 Cudberctus
1147 1200 1290 1292 11111111111

168 1317 333 1398 suscepit,
348 1323 384 1381 et
397 1337 460 1400 per
471 1319 604 1401 aliquot
619 1339 727 1383 annos
743 1320 902 1403 spiritali,
918 1331 956 1386 ut
970 1329 1129 1387 sanctum
1148 1303 1229 1352 W*

169 1415 323 1494 decebat,
345 1438 511 1483 exercens
535 1420 717 1496 industria,
743 1440 812 1484 non
835 1423 945 1485 solum
967 1425 1035 1506 ipsi
1056 1444 1128 1487 mo-

167 1520 319 1582 nasterio
341 1522 508 1602 regularis
530 1522 614 1586 vitae
634 1523 775 1600 monita,
792 1522 894 1586 simul
914 1531 949 1586 et
968 1527 1128 1607 exempla

169 1621 383 1702 praeferebat,
412 1624 472 1686 sed
503 1629 538 1688 et
564 1623 686 1704 vulgus
716 1625 994 1706 circumpositum
1027 1626 1127 1707 longe

122 1740 156 1783 1o
167 1721 307 1806 lateque
325 1743 347 1787 a
366 1725 441 1788 vita
459 1726 576 1789 stultae
596 1725 856 1789 consuetudinis
876 1725 919 1788 ad
935 1727 1126 1789 coelestium

168 1823 368 1904 gaudiorum
394 1833 590 1890 convertere
609 1827 752 1889 curabat
773 1845 931 1890 amorem.
976 1826 1068 1890 Nam
1091 1837 1127 1892 et

167 1925 267 1988 multi
283 1925 395 2003 fidem,
418 1946 521 2008 quam
541 1927 724 2005 habebant,
747 1927 874 2009 iniquis
897 1927 1127 2009 profanabant

168 2026 348 2107 operibus;
380 2035 415 2091 et
444 2028 551 2109 aliqui
580 2028 686 2091 etiam
712 2035 865 2110 tempore
895 2030 1127 2107 mortalitatis,

167 2127 323 2210 neglecto
338 2128 427 2205 fidei,
439 2149 508 2211 quo
523 2131 644 2193 imbuti
659 2137 766 2207 erant,
780 2138 1006 2208 sacramento,
1016 2131 1059 2194 ad
1075 2151 1127 2194 er·

124 2245 156 2289 15
170 2229 281 2292 ratica
295 2230 496 2294 idololatriae
512 2230 738 2294 medicamina
752 2234 1009 2307 concurrebant,
1025 2234 1127 2314 quasi

167 2329 309 2392 missam
325 2351 346 2394 a
362 2331 437 2395 Deo
453 2332 628 2395 conditore
643 2333 781 2414 plagam
795 2352 857 2414 per
873 2333 1126 2397 incantationes

167 2429 223 2493 vel
239 2430 450 2512 alligaturas,
465 2433 519 2497 vel
535 2433 606 2496 alia
625 2434 789 2515 quaelibet
804 2434 1027 2498 daemoniacae
1041 2436 1125 2499 artis

168 2550 307 2609 arcana,
333 2534 489 2598 cohibere
513 2536 676 2599 valerent.
721 2533 777 2598 Ad
803 2542 1021 2618 utrorumque
1047 2556 1125 2618 ergo

167 2633 403 2715 corrigendum
425 2656 571 2700 errorem
601 2637 717 2702 crebro
747 2639 822 2720 ipse
851 2638 894 2700 de
917 2638 1125 2701 monasterio

121 2751 155 2796 10
166 2753 337 2816 egressus,
352 2737 534 2819 aliquoties
550 2758 638 2819 equo
652 2738 787 2815 sedens,
802 2739 864 2802 sed
887 2739 1014 2820 saepius
1030 2739 1125 2821 pedi-

165 2837 231 2899 bus
247 2836 423 2914 incedens,
438 2839 697 2920 circumpositas
718 2841 877 2904 veniebat
897 2841 941 2904 ad
958 2840 1072 2918 villas,
1091 2847 1126 2903 et

166 2939 259 3003 viam
275 2941 430 3003 veritatis
452 2941 663 3023 praedicabat
682 2942 887 3019 errantibus
901 2942 993 3024 quod
1010 2942 1123 3023 ipsum

165 3041 272 3104 etiam
302 3042 454 3106 Boisilus
480 3063 543 3106 suo
568 3051 719 3126 tempore
747 3042 860 3107 facere
888 3050 1124 3106 consueverat.

167 3142 252 3206 Erat
269 3144 396 3225 quippe
415 3145 518 3208 moris
539 3163 580 3208 eo
600 3150 751 3226 tempore
771 3144 908 3226 populis
925 3146 1124 3225 Anglorum,

122 3262 154 3306 11
167 3251 216 3321 ut,
228 3245 386 3311 veniente
398 3248 435 3308 in
446 3247 562 3313 villam
578 3247 701 3309 clerico
716 3246 770 3310 vel
784 3246 994 3328 presbytero,
1010 3248 1125 3310 cuncti

166 3345 212 3409 ad
242 3346 317 3428 ejus
346 3348 525 3430 imperium
551 3347 702 3413 Verbum
728 3348 878 3411 audituri
904 3347 1124 3424 confluerent,

165 3446 313 3513 libenter
325 3470 378 3527 ea,
393 3471 471 3532 quac
486 3451 689 3528 dicerentur,
703 3451 869 3528 audirent,
880 3449 1124 3533 libentiusque,

166 3569 246 3630 quae
273 3552 390 3616 audire
413 3561 448 3617 et
470 3553 659 3634 intelligere
680 3558 850 3634 poterant,
873 3552 1047 3634 operando
1071 3571 1125 3615 se-

167 3661 359 3733 querentur.
404 3653 512 3716 Porro
537 3653 728 3717 Cudberoto
756 3659 855 3716 tanta
878 3660 954 3716 erat
980 3653 1125 3716 docendi

210 3934 406 4005 'Curorlx.]
436 3940 485 3988 See
498 3939 535 3990 H.
549 3940 580 3988 E.
592 3940 627 3999 iv.
661 3939 742 3986 round
762 3945 834 3999 parts
850 3939 879 3988 ol
895 3939 938 3988 the
957 3939 1035 3999 body.
1073 3940 1122 3988 See

164 4011 205 4056 27.
662 4010 704 4057 Du
733 4009 833 4070 Gange,
862 4010 944 4059 under
977 4009 1020 4058 the
1049 4009 1123 4059 word

200 4075 218 4105 ¹⁷
237 4072 409 4147 Alligaturus]
420 4077 626 4127 Amnletsbound
662 4077 819 4140 ‘ligatura’
