2850 4890
204 332 269 397 242
578 344 790 393 nvvnnnrx.

244 575 514 640 Reverendissimo
523 574 632 661 fratri
652 574 756 637 Felici
777 576 929 723 egilem
948 570 1136 658 Gregorius,

825 682 865 723 et.

500 681 604 724 Servus
617 681 772 723 Servorum

207 835 331 894 CAPUT
347 842 488 902 nostrum,
503 832 584 912 qnod
598 840 645 892 est
658 832 806 902 Christus,
827 831 866 891 ad
886 832 945 891 boc
964 849 1021 889 sua
1033 828 1170 889 membra

207 940 262 979 nos
284 939 352 979 esse
370 918 475 988 voluit,
493 928 527 978 nt
545 938 597 998 per
618 920 683 997 ejus
704 917 816 995 largam
836 918 991 976 caritatem
1011 922 1043 974 et
1064 913 1164 983 fidem,

207 1025 298 1064 uuum
321 1024 375 1063 nos
397 1004 426 1062 in
448 1023 481 1063 se
503 1023 610 1083 corpus
637 999 776 1072 efficeret,
801 1002 850 1060 cui
874 1002 917 1060 ita
938 1021 993 1059 nos
1014 999 1165 1058 adhaerere
1190 1015 1203 1057 t

208 1089 358 1160 convenit,
374 1097 406 1147 ut
420 1088 490 1168 quia
504 1089 567 1147 sine
582 1088 647 1168 ipso
660 1087 732 1146 nihil
745 1107 813 1146 esse
825 1105 995 1166 possumus,
1006 1105 1060 1164 per
1071 1085 1166 1165 ipsum

209 1175 359 1254 possimus
376 1194 443 1233 esse
462 1173 542 1252 quod
558 1172 691 1232 dicimur.
734 1172 788 1231 Ab
806 1192 875 1232 arce
893 1170 1000 1250 capitis
1020 1190 1069 1228 res
1087 1169 1168 1228 nulla

209 1279 263 1317 nos
281 1258 412 1324 dividat;
435 1278 471 1316 ne
489 1259 527 1316 ab
545 1278 592 1327 eo,
608 1259 634 1316 si
648 1257 808 1316 membrum
828 1259 893 1335 ejus
910 1275 978 1314 esse
995 1254 1167 1332 refugimus,

209 1343 416 1422 relinquamur,
431 1350 462 1401 et
479 1343 561 1402 velut
578 1342 687 1421 dejecti
700 1341 741 1400 ‘de
759 1343 819 1402 vite
836 1342 970 1421 palmites
986 1358 1167 1399 arescamus.

211 1429 258 1487 Ut
274 1448 344 1506 ergo
365 1426 555 1487 Redemtoris
575 1428 664 1486 nostri
683 1427 884 1486 habitaculum
903 1446 971 1485 esse
990 1443 1164 1492 mereamur,
1178 1438 1206 1483 lo

210 1514 239 1571 in
257 1511 415 1571 dilectione
434 1513 525 1591 ipsius
543 1520 606 1570 toto
624 1513 731 1571 mentis
753 1512 850 1571 studio
871 1529 1055 1570 maneamus.
1099 1508 1170 1589 Ipse

211 1617 338 1675 namque
354 1597 405 1667 ait,
428 1597 515 1663 ‘Qui
534 1596 629 1674 diligit
645 1615 704 1667 me,
723 1616 886 1656 sermonem
907 1614 1005 1655 meum
1027 1595 1168 1664 servabit,

211 1691 242 1741 et
255 1681 351 1741 Pater
364 1702 447 1740 meus
464 1681 567 1759 diliget
584 1700 662 1750 enm,
678 1689 708 1740 et
725 1681 764 1740 ad
781 1702 849 1741 eum
865 1682 1029 1750 veniemus,
1043 1688 1076 1739 et
1090 1678 1169 1758 apud

211 1787 279 1826 eum
304 1767 484 1827 mansionem
509 1765 675 1826 faciemus.’
719 1767 830 1844 Exegit
857 1786 928 1844 ergo
956 1763 1080 1824 dilectio
1107 1773 1169 1834 tua,

213 1852 301 1911 frater
323 1852 484 1920 carissime,
507 1860 540 1910 nt
559 1872 598 1910 ex
617 1852 791 1912 auctoritate
811 1851 891 1911 sedis
913 1851 1091 1929 apostolicae
1111 1849 1170 1908 tuis
1181 1861 1208 1906 15

213 1936 387 1995 deberemus
400 1936 542 1996 consultis
552 1935 739 2016 respondere.
783 1936 876 2004 Quod
889 1936 959 1995 licet
971 1955 1029 1994 non
1043 1935 1169 2015 prolixe,

214 2020 268 2080 sed
283 2023 432 2080 succincte
447 2041 535 2100 agere
545 2020 761 2092 festinaremus,
772 2031 892 2102 propter
901 2019 1048 2101 quasdam
1061 2021 1170 2100 impor-

212 2105 365 2175 tunitates,
390 2127 468 2185 quae,
494 2108 601 2166 nostris
616 2106 863 2186 praepedientibus
888 2107 1033 2185 peccatis,
1063 2106 1095 2164 in
1116 2125 1171 2164 nos

214 2210 425 2270 supervenere;
458 2191 516 2251 tuis
544 2200 641 2250 tamen
670 2193 747 2262 baec,
777 2212 830 2272 per
859 2193 972 2271 reliqua
1003 2199 1172 2250 sanctorum

213 2284 330 2356 patrum
356 2276 498 2346 instituta,
522 2276 627 2336 studiis
650 2278 815 2357 perquirere
834 2277 921 2337 latius
942 2286 973 2335 et
994 2276 1211 2354 investigarem

214 2361 434 2422 committimus.
479 2360 553 2421 Non
572 2362 649 2420 enim
666 2372 766 2441 potest
779 2382 861 2421 mens
877 2362 976 2422 attrita
989 2371 1020 2421 et
1034 2361 1173 2420 oneribus

213 2453 303 2524 atque
317 2446 583 2526 importunitatibus
602 2456 787 2526 praegravata
801 2455 914 2506 tantum
931 2447 1001 2506 boni
1019 2464 1172 2526 peragere,

215 2538 246 2588 et
259 2530 349 2589 libere
361 2531 399 2590 dc
410 2531 455 2590 his
470 2530 563 2610 loqui,
575 2540 716 2612 qnantum
728 2532 878 2592 delectata
889 2540 919 2592 et
930 2531 1172 2611 oppressionibus

216 2615 324 2675 soluta.
371 2615 405 2673 N
406 2637 443 2675 on
460 2637 529 2694 ergo
544 2617 601 2675 ista
615 2616 654 2675 ob
672 2616 702 2675 id
720 2618 913 2697 praetulimus,
928 2625 961 2675 ut
973 2617 1040 2676 haec
1057 2625 1089 2675 et
1103 2616 1172 2684 alia,

215 2718 283 2777 quae
298 2703 465 2759 necessaria
479 2701 541 2760 fore
555 2702 792 2779 cognoverimus,
807 2712 866 2761 tuae
883 2701 1033 2761 sanctitati
1044 2701 1171 2760 velimus
1183 2711 1211 2756 25

215 2782 374 2862 denegare,
394 2783 449 2846 sed
466 2795 499 2844 ut
512 2785 594 2865 quod
608 2786 656 2845 hic
671 2788 767 2846 minus
781 2787 936 2856 invenitur,
952 2787 1042 2846 latius
1055 2786 1173 2867 perqui-

218 2875 307 2927 ratur.
384 2888 391 2905 ’

260 2953 309 3011 De
324 2954 417 3013 tribus
432 2955 508 3013 enirn
528 2955 725 3033 apostolicam
740 2955 853 3025 sedem,
868 2956 896 3013 in
913 2975 972 3034 qua
987 2955 1077 3014 alitus
1093 2975 1127 3014 es
1143 2963 1174 3014 et

217 3037 353 3108 edoctus,
379 3039 516 3119 capitulis
538 3040 764 3111 consulendam,
786 3039 1040 3121 praedecessorum
1057 3049 1174 3099 tuorum

219 3142 347 3201 sequens
370 3125 516 3204 exempla,
538 3123 700 3196 credidisti,
721 3125 753 3184 id
774 3134 830 3196 est,
852 3125 890 3184 de
912 3124 1175 3202 consanguinitatis
1185 3136 1214 3182 so

219 3208 436 3285 conjunctione,
451 3217 481 3268 et
496 3208 535 3268 de
554 3210 711 3270 vexatione
729 3211 935 3290 episcoporum
954 3229 973 3269 a
992 3209 1131 3284 subditis,
1146 3219 1176 3269 et

218 3290 257 3349 de
268 3292 460 3352 ecclesiarum
472 3292 654 3354 dubitatione
665 3297 929 3355 consecrationum.
972 3293 1066 3362 Quod
1076 3305 1176 3354 autem

219 3377 324 3455 scripsi
351 3377 534 3456 Augustino,
559 3378 726 3457 Anglorum
754 3381 849 3459 gentis
878 3380 1033 3459 episcopo,
1058 3379 1178 3439 alumno

218 3460 368 3532 videlicet,
385 3472 417 3522 ut
430 3463 606 3534 recordaris,
621 3474 683 3536 tno,
698 3464 737 3523 de
751 3464 1015 3543 consanguinitatis
1033 3467 1177 3544 conjunc·

220 3547 310 3614 tione,
339 3547 396 3627 ipsi
423 3556 454 3607 et
480 3549 646 3627 Anglorum
680 3551 771 3627 genti,
800 3569 867 3630 quae
895 3569 988 3628 nuper
1016 3548 1057 3609 ad
1086 3548 1214 3609 fidemtt

220 3639 351 3701 venerat,
371 3652 407 3690 ne
427 3654 446 3692 a
465 3635 543 3693 bono
562 3634 642 3713 quod
662 3642 802 3714 coeperat,
823 3635 980 3693 metuendo
1002 3635 1176 3703 austeriora,

218 3715 379 3788 recederet,
392 3719 569 3796 specialiter,
585 3728 615 3778 et
628 3739 684 3778 non
702 3721 884 3797 generaliter,
899 3721 1005 3778 ceteris
1021 3739 1068 3777 me
1083 3720 1176 3797 scrip·

222 3800 297 3858 sisse
319 3821 493 3880 cognoscas⁸
540 3804 631 3863 Unde
653 3814 683 3863 et
706 3805 774 3863 milri
795 3805 889 3864 omnis
911 3803 1052 3863 Romana
1070 3804 1176 3863 civitas

510 4069 529 4097 ¹²
547 4067 620 4139 Qui]
650 4073 688 4120 St.
702 4073 783 4135 John,
796 4075 849 4122 xiv.
863 4078 904 4122 21.
