2850 4890
421 384 602 432 auc'roaa
620 386 710 433 vnn.
729 387 842 433 auor.
1068 371 1112 434 53

145 543 256 626 jussis
278 544 517 624 obtemperans
539 551 620 625 post
639 544 713 608 dies
734 564 864 627 paucos
884 551 1027 608 sanatus
1045 550 1110 620 est,

153 644 362 726 agnovitque
384 643 541 724 angelum
562 642 681 722 fuisse,
705 647 765 728 qui
791 645 866 708 haec
891 646 957 709 sibi
979 645 1110 708 monita

152 743 315 818 dedisset,
334 745 490 807 mittente
518 744 589 821 illo,
617 746 676 826 qui
702 746 874 827 quondam
897 744 1110 826 Raphaelem

152 845 391 925 archangelum
413 843 458 907 ad
479 844 654 907 sanandos
674 846 794 908 Tobiae
817 846 912 909 visus
940 846 1111 910 destinare

123 944 311 1026 adignatus
341 950 404 1008 est.
469 942 571 1021 Quod
602 946 632 1007 si
661 946 716 1008 cui
746 945 883 1008 videtur
916 945 1112 1008 incredibile

153 1046 311 1127 angelum
329 1046 364 1108 in
387 1065 476 1127 equo
496 1045 709 1126 apparuisse,
728 1046 823 1126 legat
841 1045 1018 1109 historiam
1034 1045 1112 1109 Ma·

152 1146 381 1221 chabaeorum,
406 1146 440 1208 in
461 1165 531 1227 qua
558 1146 670 1226 angeli
694 1146 730 1207 in
757 1145 867 1228 equis,
889 1152 924 1208 et
944 1145 987 1209 ad
1007 1144 1110 1210 Judae

154 1245 350 1309 Machabaei
369 1252 404 1308 et
425 1245 469 1309 ad
489 1245 599 1326 ipsius
614 1245 750 1327 Templi
764 1246 994 1310 defensionem
1010 1246 1115 1309 adve-

154 1346 248 1409 nisse
263 1352 503 1409 memorantur.

110 1600 142 1645 ro
504 1579 664 1644 CAPUT
686 1580 756 1645 III.

166 1750 324 1819 Quomodo
339 1750 439 1812 ventis
454 1751 596 1812 oratione
609 1752 749 1830 mutatis,
764 1762 850 1814 ratas
865 1773 978 1815 oceano
993 1751 1045 1814 del
1060 1773 1102 1836 p-

443 1874 495 1914 sas
509 1854 667 1916 revocavit
681 1853 726 1915 ad
740 1853 824 1916 litas.

158 2055 176 2137 ἓ
191 2055 223 2118 6.
246 2052 301 2117 Aa
316 2054 381 2117 hoc
398 2062 513 2118 autern
532 2063 683 2137 tempore
698 2056 843 2120 devotus
860 2055 1010 2119 Domino
1022 2073 1117 2135 puer,
1135 2085 1282 2133 cemma„

157 2157 247 2219 sicut
260 2157 334 2239 ipse
346 2163 468 2237 postea
479 2157 703 2220 familiaribus
718 2157 791 2220 suis
804 2155 962 2220 attestari
973 2155 1118 2231 solebat,
1135 2137 1236 2238 {hild-y
1247 2137 1278 2176 ¹¹¹⁸

113 2275 145 2318 rs
159 2275 253 2337 saepe
275 2256 312 2318 in
333 2258 501 2337 angustiis
524 2277 562 2320 se
582 2258 791 2320 vallantibus
812 2276 913 2320 orans
933 2256 977 2319 ad
999 2255 1119 2319 Domi-

157 2376 250 2433 num,
281 2359 436 2438 angelica
471 2359 594 2421 meruit
621 2358 849 2440 opitulatione
879 2357 1026 2434 defendi,
1055 2376 1118 2420 nec

158 2477 227 2520 non
251 2460 355 2522 etiam
376 2479 437 2540 pro
462 2461 540 2523 aliis
564 2462 599 2522 in
612 2460 776 2541 ‚periculo
802 2459 1011 2535 constitutis,
1037 2459 1120 2539 quia

158 2560 306 2641 benigna
325 2562 455 2643 pietate
473 2563 693 2645 supplicabat
712 2563 962 2625 exaudiebatur
984 2561 1028 2622 ab
1048 2559 1120 2634 illo,

156 2662 217 2742 qui
233 2662 437 2726 clamantem
451 2682 638 2745 pauperem
652 2664 825 2740 exaudire,
847 2670 882 2725 et
903 2681 948 2725 ex
962 2661 1119 2723 omnibus

115 2779 148 2823 ro
161 2761 441 2825 tribulationibus
461 2763 535 2846 ejus
560 2765 738 2827 consuevit
762 2765 900 2844 eripere.
943 2760 1007 2824 Est
1026 2760 1122 2824 deni·

160 2881 226 2944 que
247 2865 493 2926 monasterium
509 2884 580 2927 non
593 2865 693 2945 longe
709 2865 752 2927 ab
768 2866 857 2927 ostio
872 2863 952 2926 Tini
971 2861 1121 2925 fluminis

162 2963 207 3026 ad
230 2963 407 3027 meridiem
437 2965 554 3042 situm,
577 2972 659 3029 tunc
685 2965 822 3046 quidem
848 2965 1006 3039 virorum,
1029 2980 1121 3025 nunc

162 3070 288 3140 autem,
302 3071 447 3142 mutato,
466 3074 506 3128 ut
526 3065 614 3128 solet
634 3084 693 3147 per
715 3071 869 3146 tempora
886 3083 996 3127 rerum
1016 3069 1122 3138 statu,

160 3163 341 3245 Virginem
358 3165 495 3229 Christo
507 3165 738 3241 servientium,
752 3165 858 3228 nobili
875 3163 1034 3227 examine
1049 3163 1123 3244 pol-

118 3284 149 3328 25
162 3267 248 3329 lens.
294 3264 363 3342 Qui
378 3264 537 3328 videlicet
551 3265 670 3330 famuli
685 3265 822 3343 Christi,
842 3265 923 3327 dum
937 3264 1033 3344 ligna
1049 3283 1122 3326 mo-

162 3366 305 3430 nasterii
319 3365 439 3429 usibus
456 3373 539 3447 apta
555 3386 616 3448 per
630 3368 808 3430 memorati
822 3367 958 3430 alveum
972 3365 1122 3428 fluminis

206 3619 217 3648 ⁴
234 3614 335 3687 Tabim]
355 3621 420 3681 Cap.
434 3635 458 3668 v.
471 3625 497 3668 et
508 3622 544 3668 vi.
660 3620 703 3668 the
713 3619 889 3668 smalistream
897 3619 923 3665 in
931 3617 1041 3666 Lothian
1055 3631 1123 3677 upon

206 3686 217 3716 ⁹
235 3689 418 3752 Momentum]
466 3694 483 3738 2
506 3689 628 3740 Machab.
660 3690 746 3738 which
762 3703 818 3737 was
834 3688 946 3738 situated
964 3687 1008 3735 the
1024 3700 1123 3734 monas·

164 3760 202 3808 iii.
213 3764 261 3820 255
280 3775 304 3807 v.
319 3764 350 3818 23
369 3775 395 3808 x.
407 3764 448 3808 29.
661 3765 716 3820 tery
728 3761 757 3810 oi
770 3758 932 3819 Tiningham,
945 3757 1044 3804 nottho
1056 3757 1123 3804 river

201 3827 220 3857 ¹⁰
236 3824 405 3896 CarnrHL]
433 3829 630 3891 Vit.Met.Cap.
660 3830 746 3878 which
770 3829 871 3878 divides
891 3827 933 3875 the
960 3827 1075 3874 counties
1099 3825 1128 3872 of

166 3913 213 3958 ¹¹13
239 3899 346 3948 omitted
360 3901 386 3947 in
406 3899 449 3948 the
465 3896 630 3959 Anonymous
662 3898 898 3948 Northumberland
921 3896 971 3944 and
993 3893 1124 3953 Durham;

166 3968 234 4017 Life.
661 3971 708 4019 but
719 3971 762 4018 the
775 3969 841 4017 facts
853 3965 999 4016 mentioned
1016 3965 1042 4011 in
1059 3965 1125 4028 Cap.

201 4036 220 4064 Ἢ
239 4036 426 4101 Tinistuminis.]
443 4034 498 4086 The
507 4039 631 4087 Bolland·
661 4053 699 4089 rx.
712 4040 787 4089 make
800 4040 850 4087 this
862 4034 1048 4099 questionable.

167 4109 215 4157 ists
227 4110 279 4158 and
296 4108 378 4158 Smith
394 4109 455 4157 here
471 4109 630 4158 understand
