2850 4890
238 372 339 420 nrsr.
357 373 440 419 nnn.
458 370 728 428 ernvnnsrun,
745 371 856 418 auor.
874 373 992 420 anon.
1035 358 1100 422 319

143 519 248 578 terium
267 517 360 597 quod,
375 518 501 596 positum
516 517 544 574 in
559 516 638 586 loco,
656 516 707 594 qui
724 515 831 575 dicitur
849 517 886 576 In
907 517 1100 596 Gaetlingum,

143 605 299 682 religiosus
320 622 356 662 ac
377 602 443 661 Deo
459 601 593 661 amabilis
607 601 697 660 frater
710 605 774 679 ejus
789 601 961 681 Cyniiridus
977 613 1100 675 rexerat,

143 689 198 749 sed
213 709 271 747 non
286 688 409 747 multum
427 696 494 747 ante
507 687 696 747 Tunberchto
710 697 839 764 cognato
853 690 983 768 ipsorum
998 710 1101 768 regen·

144 775 216 833 dum
244 774 442 844 commiserat,
470 775 521 852 qui
545 783 650 852 postea
678 772 934 850 Hagustaldensis
966 776 1102 836 ecclesiae

115 875 130 918 5
146 861 270 919 antistes
285 859 436 918 ordinatus
451 869 506 917 est.
552 858 625 937 Ipse
639 857 846 932 discendarum
857 860 956 919 studio
971 860 1101 940 Scriptu-

145 965 242 1004 rarum
268 944 447 1003 Hiberniam
470 943 613 1003 secedens
639 943 727 1002 simul
754 951 784 1000 et
810 943 957 1005 desiderio
981 945 1103 1006 liberius

148 1030 278 1089 Domino
292 1031 320 1088 in
335 1030 464 1089 lacrimis
479 1029 674 1109 precibusque
688 1029 846 1088 serviendi.

190 1122 246 1188 §ta
278 1113 395 1173 Devote
420 1115 508 1192 igitur
531 1123 689 1194 susceptus
711 1134 730 1172 a
753 1113 875 1192 praelato
897 1122 1026 1192 cognato
1049 1137 1104 1175 suo

148 1199 318 1259 Ceolfridus
333 1199 470 1259 devotius
484 1208 532 1258 est
544 1200 609 1278 ipse
621 1208 812 1258 conversatus
824 1220 832 1267 ;
856 1201 985 1274 lectioni,
1000 1221 1104 1279 opera·

104 1287 229 1356 lationi,
258 1293 289 1344 et
316 1285 473 1364 disciplina
499 1284 625 1361 regulari
653 1304 705 1363 per
733 1286 831 1343 omnia
855 1285 988 1346 studens.
1032 1286 1104 1345 Nec

147 1371 242 1429 multo
271 1378 339 1449 post
366 1369 445 1429 idem
472 1368 643 1449 Cynilridus
672 1369 839 1449 pestilentia
866 1370 953 1447 louge
986 1371 1104 1450 lateque

148 1465 313 1534 grassante,
341 1474 409 1517 cum
437 1455 502 1514 aliis
530 1475 650 1534 quoque
676 1454 844 1532 Anglorum
872 1457 1028 1526 nobilibus,
1053 1459 1104 1536 qui

148 1542 242 1620 gratia
252 1538 370 1617 legendi
382 1539 549 1619 Scripturas
562 1540 613 1598 illo
629 1548 849 1618 praecesseraut,
859 1561 878 1600 a
892 1549 984 1600 morte
998 1543 1102 1601 transi·

147 1627 223 1685 toria
244 1634 417 1704 perpetuam
442 1625 577 1702 migravit
597 1624 636 1685 ad
661 1625 762 1694 vitam,
786 1634 818 1684 et
839 1626 1025 1686 Tuuherctus
1046 1647 1105 1686 una

109 1726 136 1770 15
148 1731 216 1771 cum
237 1708 390 1769 Ceollrido
410 1719 440 1769 et
458 1730 517 1768 non
535 1711 640 1790 paucis
660 1730 676 1768 e
692 1709 830 1768 iratribus
851 1713 916 1789 ejus
935 1713 1103 1771 monasterii

145 1797 321 1855 invitatusa
341 1795 493 1854 Willritho
506 1796 650 1874 episcopo
664 1793 705 1852 ad
717 1797 923 1855 monasterinm
938 1797 1102 1876 Hrypense

149 1881 285 1949 secessit,
309 1881 360 1939 ubi
384 1879 552 1939 ceolfridus
570 1882 661 1958 juxta
681 1899 791 1939 morem
815 1881 940 1959 regulari
967 1883 1104 1942 subditus

148 1966 376 2034 conversationi,
391 1974 521 2044 tempore
535 1964 724 2045 procedente,
741 1986 760 2024 a
774 1965 896 2046 praesato
910 1967 1052 2047 episeopo
1066 1968 1104 2027 ad

148 2052 384 2132 presbyteratum
398 2051 509 2109 electus
524 2060 613 2128 atque
626 2049 778 2109 ordinatus
793 2058 850 2122 est,
865 2072 1005 2112 annorum
1020 2054 1104 2113 circi-

105 2145 194 2196 auter
213 2137 314 2214 viginti
336 2143 367 2193 et
389 2144 510 2214 septem.
556 2135 618 2200 Qui
641 2154 712 2193 mox
734 2135 885 2196 ordinatus
911 2139 950 2196 ob
974 2138 1104 2197 studium

148 2220 283 2280 discendi
315 2221 442 2279 maxime
471 2220 541 2279 ritae
568 2221 781 2279 monasterialis
808 2231 838 2280 et
869 2221 989 2300 gradus,
1018 2244 1104 2302 quem

150 2307 289 2375 subierat,
306 2305 448 2376 instituta,
463 2305 600 2364 Cantium
614 2305 709 2385 petiit.

193 2397 207 2464 t
220 2397 250 2450 4.
271 2390 414 2450 Pervenit
426 2398 457 2450 et
470 2389 509 2450 ad
522 2389 642 2468 Anglos
657 2389 836 2458 orientales,
849 2397 882 2448 ut
899 2390 1012 2450 videret
1024 2392 1105 2451 insti·
1125 2401 1213 2442 Resides
1223 2402 1273 2442 wiri

150 2485 216 2536 tuta
236 2475 349 2535 Botulfi
371 2475 497 2544 abbatis,
522 2494 609 2554 quem
634 2475 790 2553 singularis
814 2476 883 2534 vitae
906 2485 936 2534 et
965 2475 1105 2539 doctrinae
1125 2453 1204 2493 ³⁰¹&ss

107 2563 254 2632 arvitam,
278 2561 430 2640 gratiaque
457 2560 583 2640 Spiritus
611 2560 741 2640 plenum,
769 2559 849 2619 fama
877 2560 1107 2641 circumquaque

151 2648 344 2724 vulgaverat;
380 2648 599 2724 instructusque
638 2645 820 2704 abundanter
854 2656 995 2724 quantum
1026 2649 1108 2707 brevi

151 2733 248 2812 potuit
261 2731 380 2791 domum
394 2730 490 2801 rediit,
506 2730 583 2790 adeo
599 2740 630 2788 ut
648 2751 734 2790 nemo
749 2750 801 2809 per
815 2729 845 2788 id
859 2732 1000 2812 temporis
1016 2733 1063 2791 vel
1077 2736 1106 2792 in

151 2817 364 2886 ecclesiastica,
375 2816 423 2875 vel
436 2817 465 2875 in
481 2816 678 2875 monasteriali
693 2815 806 2894 regula,
816 2814 931 2875 doctior
941 2817 992 2876 illo
1005 2827 1108 2897 posset

151 2902 289 2969 inveniri;
312 2922 368 2961 nec
383 2909 480 2961 tamen
495 2902 542 2960 vel
557 2900 678 2979 gradus,
691 2901 740 2961 vel
756 2900 939 2972 eruditioniS,
954 2901 1002 2962 vel
1017 2905 1106 2962 etiarn

108 2988 313 3048 aunobilitatis
337 3008 399 3048 suae
422 2986 539 3056 intuitu,
564 2986 751 3065 mquidem,
774 2987 814 3046 ab
835 2986 1007 3048 humilitatis
1029 2997 1107 3047 statu

152 3073 247 3134 voluit
273 3073 414 3142 revocari,
442 3072 494 3150 qui
521 3073 549 3130 in
574 3073 710 3131 omnibus
739 3071 864 3150 regulari
890 3093 924 3131 se
954 3075 1110 3157 satagebat

198 3328 253 3378 ¹Ia
278 3327 449 3399 Goetlingum.]
503 3331 614 3394 Gilling,
645 3334 724 3393 bably
746 3333 789 3382 the
807 3334 947 3394 pestilence
965 3335 1049 3384 which
1068 3350 1108 3384 ra-

153 3415 216 3449 near
235 3400 389 3462 Richmond,
412 3403 440 3450 in
462 3400 614 3464 Yorkshire‚
646 3403 731 3465 raged
747 3403 853 3453 Irelaad
868 3405 895 3452 in
913 3418 939 3454 n.
952 3419 980 3458 n.
993 3409 1052 3469 664,
1071 3407 1109 3457 Η.

153 3470 267 3519 founded
287 3471 321 3531 by
342 3486 425 3532 queen
449 3471 566 3533 Eanfled,
589 3477 615 3520 to
647 3474 678 3521 E.
691 3486 732 3521 ιιι.
746 3477 786 3522 27.

154 3545 348 3590 commemorate
361 3541 403 3590 the
415 3540 494 3590 death
508 3541 537 3589 of
551 3541 615 3604 king
636 3580 638 3592 .
682 3538 702 3572 ¹⁶
717 3543 889 3593 monasteriam
897 3539 1044 3612 Emporiae]
1058 3545 1108 3595 See

155 3611 257 3670 Oswin‚
269 3624 313 3659 aee
326 3611 362 3660 H.
375 3612 407 3660 E.
421 3625 460 3660 111.
473 3613 515 3672 14,
527 3615 568 3661 24.
636 3613 683 3661 Ἠ.
693 3613 724 3661 Ε.
737 3626 778 3661 111.
791 3615 883 3662 xxviii.

198 3675 393 3748 ³Tunherchto.]
429 3680 575 3742 According
590 3686 615 3730 to
681 3679 702 3711 ⁹⁴
718 3677 934 3749 Botuiflubhotr'a.]
962 3683 1110 3733 Botulsab·
1175 3743 1177 3747 .

155 3749 199 3798 the
221 3750 351 3810 authority
368 3750 398 3800 oi
414 3750 529 3800 Richard
546 3752 616 3813 prior
636 3752 691 3800 ¹bot
703 3752 732 3800 oi
745 3753 873 3814 Ikanhoe,
884 3753 913 3801 in
924 3753 1110 3804 Lincolnshire.

156 3819 185 3867 ol
190 3819 454 3881 Hexham,Tnnberct
460 3834 515 3869 was
523 3822 616 3884 bisbop
636 3823 672 3871 ,A
682 3821 727 3871 lile
734 3822 764 3871 oi
773 3823 825 3871 him
832 3823 936 3872 written
946 3823 980 3882 by
994 3837 1041 3871 one
1051 3824 1112 3871 who

156 3888 186 3937 oi
201 3889 257 3938 that
268 3904 311 3938 see
328 3890 367 3939 tor
381 3891 452 3940 three
469 3905 554 3954 years,
570 3893 618 3941 but
648 3892 718 3941 lived
729 3892 828 3952 shortly
841 3892 995 3942 afterwards
1007 3908 1064 3954 may
1077 3894 1111 3943 be

155 3973 209 4007 was
230 3959 352 4021 expelled
376 3973 402 4010 r.
423 3975 450 4010 n.
473 3965 531 4011 684.
567 3963 617 4012 See
648 3976 708 4012 seen
721 3963 747 4010 in
760 3962 909 4011 Mab'dlonb
922 3959 1113 4015 acassaec.

156 4029 252 4079 Decem
264 4031 363 4094 Scripp.
375 4034 433 4082 295.
648 4045 689 4085 ur.
701 4047 727 4093 p.
740 4032 758 4092 i,
769 4047 795 4095 p.
808 4036 833 4082 ³.

191 4095 208 4127 ¹¹
227 4098 390 4168 Pestilentia]
416 4101 480 4150 This
492 4116 545 4150 was
558 4116 615 4163 pro·
636 4100 637 4105 ’
