2850 4890
572 368 787 415 Arennnlx.

539 674 741 736 NUMBER
762 676 828 737 11¹.

206 841 434 907 Ganuonrus²
447 841 583 929 Virpilio
594 842 934 932 episcopo,Arelotensi
944 841 1162 928 metropolim.

207 1017 376 1083 QUAMVIS
400 1016 609 1077 fraternitatem
638 1026 767 1079 vestram
800 1017 886 1077 bonis
918 1035 986 1076 essa
1021 1015 1163 1074 intentam

207 1104 357 1181 operibus,
382 1113 412 1163 et
432 1112 536 1182 sponte
557 1124 590 1163 se
609 1105 747 1164 exhibere
770 1104 799 1162 in
819 1103 919 1162 causis
941 1101 1011 1161 Deo
1030 1101 1161 1181 placitis,

205 1186 400 1256 confidamus,
422 1197 620 1249 verumtamen
641 1190 712 1249 utile
736 1210 803 1248 esse
825 1188 954 1248 fraterna
972 1207 1030 1247 vos
1051 1185 1164 1263 alloqui
1189 1203 1202 1245 5

205 1274 327 1333 caritate
340 1273 504 1343 oredimus;
528 1284 561 1333 ut
574 1276 692 1345 solatia,
706 1296 773 1353 quae
787 1295 842 1334 vos
857 1275 933 1333 ultro
947 1272 1037 1332 decet
1049 1273 1163 1350 impen-

206 1360 285 1428 dere,
299 1360 405 1418 nostris
420 1379 538 1439 quoque
552 1362 704 1440 provocati
725 1361 856 1440 epistolis
871 1359 1016 1437 augeatis.
1057 1357 1164 1435 Atque

205 1444 273 1503 ideo
301 1444 465 1504 indicamus
494 1447 643 1505 sanctitati
671 1455 776 1506 vestrae
802 1445 1018 1524 Augustinum,
1046 1461 1165 1502 servum

207 1529 277 1599 Dei,
292 1530 477 1608 praesentium
498 1532 676 1610 portitorem,
691 1534 777 1610 cujus
792 1531 874 1590 zelus
894 1540 924 1590 et
943 1527 1075 1589 studium
1089 1529 1164 1586 bene

207 1628 255 1674 est
274 1616 359 1674 nobis
380 1617 540 1694 cognitum,
555 1637 622 1676 cum
642 1618 708 1676 aliis
730 1618 823 1677 servis
840 1616 910 1685 Dei,
928 1635 981 1694 pro
1001 1614 1165 1673 animarum
1175 1629 1204 1673 lo

207 1721 262 1759 nos
283 1700 353 1760 illuc
373 1701 549 1781 compendio
569 1704 777 1774 transmisisse,
792 1703 948 1780 sicutipse
962 1700 1049 1759 vobis
1064 1718 1165 1759 coram

207 1787 321 1866 positus
342 1788 449 1866 poterit
467 1787 607 1848 indicare.
650 1787 687 1846 In
709 1810 770 1867 qua
783 1809 813 1846 re
827 1788 958 1847 oratione
971 1806 1027 1845 vos
1047 1794 1166 1844 eum-et

208 1872 327 1931 auxiliis
352 1872 494 1950 adjuvare
515 1893 639 1933 necesse
660 1883 717 1942 est,
739 1883 828 1953 atque
853 1873 903 1932 ubi
921 1890 998 1951 opus
1021 1871 1165 1948 exegerit,

210 1957 380 2016 solatiorum
400 1967 563 2018 vestrorum
581 1961 608 2018 ei
627 1962 758 2038 praebere
778 1959 930 2037 suffragia,
943 1965 974 2016 et
986 1967 1112 2037 paterna
1129 1975 1166 2014 ac

209 2041 388 2101 sacerdotali
409 2043 490 2102 illum
514 2045 728 2114 consolatione,
749 2046 827 2104 sicut
842 2044 990 2112 convenit,
1010 2041 1162 2110 refovere;
1178 2057 1206 2100 15

209 2134 354 2208 quatenus
373 2128 443 2187 dnm
464 2132 629 2189 sanctitatis
652 2139 757 2190 vestrm
781 2130 869 2190 fuerit
892 2128 1037 2190 solamina
1060 2146 1167 2186 conse-

148 2268 150 2272 ,
211 2223 309 2282 cutus,
338 2213 363 2272 si
391 2213 461 2292 qnid
488 2214 557 2274 Deo
581 2224 681 2275 nostro
706 2215 890 2286 lucrifacere,
914 2216 993 2274 sicut
1017 2221 1167 2291 optamus,

211 2299 345 2367 valuerit,
360 2306 391 2357 et
409 2320 463 2359 vos
486 2301 605 2378 possitis
625 2302 732 2381 pariter
751 2301 916 2361 mercedem
937 2300 1103 2378 acquirere,
1118 2299 1169 2376 qui

212 2384 249 2444 ad
265 2386 343 2443 bona
357 2405 448 2464 opera
462 2386 594 2463 suffragii
607 2388 698 2447 vestri
711 2387 820 2447 devote
834 2388 949 2467 copiam
964 2384 1147 2443 ministratis.

256 2469 424 2528 Candidum
448 2481 546 2529 autem
568 2474 782 2551 presbyterum,
805 2491 989 2532 communem
1011 2469 1118 2539 filium,
1139 2476 1206 2530 etro

210 2555 446 2634 patrimoniolum
466 2557 602 2616 ecclesiae
622 2569 731 2618 nostrae
748 2558 913 2617 fraternitas
931 2564 1042 2625 vestra,
1056 2555 1167 2634 quippe

211 2649 244 2698 ut
271 2642 415 2700 unanimis
443 2643 540 2713 nobis,
568 2642 687 2702 studeat
720 2644 829 2703 habere
857 2641 1107 2709 commendatum,
1136 2651 1168 2699 ut

211 2726 322 2805 aliquid
344 2726 409 2785 inde
428 2746 589 2806 pauperum
611 2729 755 2788 alimoniis
777 2731 932 2789 sanctitate
947 2741 1047 2787 vestra
1066 2725 1168 2786 valeat

211 2811 371 2890 adjurante
398 2810 551 2890 prolicere.
593 2813 675 2879 Quia
697 2815 785 2893 igitur
808 2813 1044 2895 patrimoniolum
1068 2813 1165 2891 ipsum

212 2917 263 2975 per
276 2917 369 2957 annos
384 2897 523 2976 plurimos
538 2898 740 2978 praedecessor
753 2911 851 2960 vester
865 2900 967 2968 tenuit,
979 2907 1009 2957 et
1021 2897 1166 2957 collectas
1176 2915 1205 2959 26

213 2982 292 3061 apud
312 3004 345 3043 se
364 2984 521 3062 pensiones
535 2986 681 3054 serravit;
704 2985 868 3046 fraternitas
883 2994 993 3054 vestra,
1007 2986 1095 3063 cujus
1111 2985 1169 3042 sint

210 3087 257 3126 res
272 3068 319 3127 vel
332 3069 439 3147 quibus
453 3078 619 3148 erogentur,
633 3070 811 3142 consideret,
825 3081 914 3150 atque
925 3091 978 3130 eas
989 3071 1095 3128 animae
1105 3090 1167 3129 suae

211 3163 346 3232 respectu
375 3157 575 3235 suprascripto
602 3154 664 3215 filio
695 3168 794 3216 nostro
822 3156 960 3217 Candido
990 3156 1167 3235 presbytero

212 3239 297 3298 nobis
310 3240 444 3299 restituat
452 3239 629 3318 dirigendas.
675 3241 757 3302 Nam
768 3242 854 3302 valde
868 3252 915 3302 est
928 3241 1126 3311 exsecrabile,
1136 3250 1168 3300 ut

212 3323 292 3467 qppd
306 3345 323 3383 a
338 3326 456 3402 regibus
467 3328 596 3403 gentium
611 3337 758 3387 servatum
772 3335 829 3398 est,
841 3330 879 3388 ab
889 3326 1040 3408 episcopis
1050 3325 1168 3386 dicatur
1176 3342 1205 3386 so

212 3428 231 3467 a
265 3419 355 3469 atum.

258 3642 265 3672 ¹
292 3645 346 3693 The
370 3645 461 3693 render
485 3647 507 3693 is
533 3645 593 3695 here
615 3662 675 3708 pre·
741 3645 848 3706 ²Greg.
866 3646 1102 3707 Epp.Lib.vr.ep.
1120 3647 1166 3696 liii.

211 3717 300 3764 nented
314 3715 378 3763 with
394 3715 458 3763 such
474 3715 502 3763 of
515 3716 558 3764 the
574 3719 675 3765 Letters
706 3718 793 3765 Letter
813 3717 875 3765 from
895 3717 1011 3778 Gregory
1032 3722 1059 3764 to
1079 3717 1168 3778 Virgi-

213 3786 243 3834 of
254 3785 674 3846 GregorytheGreatasserveto
705 3787 765 3847 lius,
790 3786 944 3847 arohbishop
968 3787 997 3834 of
1017 3787 1103 3848 Arles,
1128 3803 1166 3835 re·

212 3856 342 3904 illustrate
357 3855 452 3904 Beda's
466 3862 573 3905 account
588 3858 617 3905 of
631 3857 673 3905 the
689 3856 1165 3919 ¹commendinqAugustineandCan·

212 3928 385 3975 introduction
398 3926 426 3973 ol
440 3927 608 3986 Christianity
622 3929 674 3974 into
689 3928 692 3987 l
705 3929 790 3976 didus.
839 3930 886 3976 See
901 3929 937 3976 H.
952 3929 984 3977 E.
1002 3929 1100 3977 axxiv.
1114 3929 1165 3977 and

214 3997 333 4057 England
344 3997 393 4044 and
407 3998 440 4043 its
451 4012 570 4057 progress
580 3998 674 4057 during
705 4005 763 4047 note
776 3995 802 4047 ¹³.

214 4067 256 4113 the
270 4068 413 4127 pontificare
430 4067 459 4114 of
474 4067 529 4115 that
543 4067 637 4115 Father
649 4068 678 4115 of

211 4136 381 4185 thaChurclr.
