2850 4890
201 360 267 426 336
573 381 788 430 arruunrx.

204 527 258 596 cis,
277 545 343 603 quae
367 525 396 583 in
421 525 579 586 ministerio
603 528 694 604 regali
716 526 907 606 adquisierat,
932 525 981 586 vel
1007 526 1163 608 adquirere

203 612 333 680 valebat,
361 631 428 670 curn
453 622 534 671 esset
561 613 667 671 nobilis
696 622 778 683 natu,
800 615 839 671 ad
863 614 1016 672 beatorum
1040 627 1162 694 aposto·

203 697 296 756 lorum
318 697 417 755 limina
442 697 570 756 Romam
595 699 828 778 peregrinaturus
850 698 1014 769 advolavit,
1039 712 1069 758 et
1093 703 1162 780 quia

205 783 285 841 rudis
311 782 407 841 adhuc
435 784 464 841 iu
497 795 582 861 geute
611 785 776 860 Anglorum
806 782 881 842 fides
910 793 941 842 et
968 785 1162 845 ecclesiarum

204 868 347 927 institutio
369 867 504 938 florebat,
527 870 567 928 ibi
591 871 689 948 potius
715 870 874 948 perfectam
897 870 1016 928 vivendi
1038 871 1161 930 formam
1187 889 1201 930 5

204 962 342 1022 sumeret,
359 954 406 1011 ubi
421 974 472 1033 per
487 975 617 1013 summos
632 954 742 1013 Christi
756 954 908 1034 apostolos
923 955 1015 1014 totius
1026 957 1161 1015 ecclesiae

204 1048 295 1117 caput
309 1040 417 1099 eminet
430 1040 577 1099 eximium.
620 1039 669 1099 Ibi
683 1060 753 1115 ergo
770 1039 900 1099 eruditus
915 1041 943 1097 in
959 1039 1090 1111 Christo,
1104 1043 1161 1101 illis

204 1125 231 1182 in
255 1127 386 1205 partibus
408 1134 552 1196 attonsus,
575 1126 616 1184 ibi
638 1134 684 1183 est
700 1125 953 1185 monasterialibus
968 1127 1099 1186 imbutus
1121 1129 1161 1186 iu-

206 1211 326 1278 stitutis,
344 1209 453 1268 ibidem
468 1219 560 1269 totum
573 1212 643 1270 vitae
659 1230 721 1268 suae
736 1221 852 1288 tempus
868 1223 931 1269 erat
951 1221 1122 1282 exacturus,
1139 1215 1163 1271 si

205 1315 262 1354 non
282 1296 446 1375 apostolica
465 1295 573 1354 domini
596 1316 682 1376 papae
703 1297 901 1375 prohibuisset
921 1300 1093 1370 auctoritas,
1113 1299 1162 1377 qui
1174 1314 1202 1359 10

204 1401 271 1440 eum
294 1392 411 1461 propter
432 1380 599 1440 ducendum
621 1382 802 1441 Britanniam
820 1393 931 1441 sanctae
949 1383 1162 1443 recordationis

205 1467 459 1546 archiepiscopum
473 1466 660 1526 Theodorum
675 1469 798 1546 patriam
815 1468 896 1526 adire
912 1469 1064 1547 praecepit.

248 1557 301 1625 §2
325 1551 394 1611 Nec
413 1552 503 1629 longo
523 1561 591 1631 post
612 1563 743 1632 tempore
765 1555 852 1611 etiam
871 1554 948 1632 [per]
966 1573 1049 1630 reges
1070 1554 1163 1613 seculi

206 1638 324 1714 cognito
343 1639 481 1695 virtutum
502 1641 566 1717 ejus
585 1637 694 1706 studio,
710 1639 808 1696 locum
827 1640 892 1715 ejus
909 1640 1077 1698 monasterii
1093 1659 1164 1698 con-

206 1722 348 1791 struendi,
372 1743 427 1782 non
453 1725 491 1782 ab
517 1725 617 1803 aliqua
644 1726 783 1782 minorum
807 1742 993 1801 personarum
1020 1725 1163 1794 ablatum,
1176 1741 1204 1784 15

208 1808 261 1866 sed
291 1808 328 1866 de
356 1810 416 1867 suis
446 1811 569 1888 propriis
598 1809 749 1878 donatum,
779 1809 930 1867 curabant.
987 1809 1087 1875 Quem
1116 1812 1164 1870 ille

209 1906 364 1973 acceptum
377 1916 444 1952 mox
459 1894 683 1973 perfectissime,
693 1898 782 1972 juxta
793 1895 954 1970 regularem
967 1893 1165 1975 disciplinam,

207 1979 326 2037 interius
342 1981 530 2058 exteriusque
545 1982 680 2049 instituit,
695 2000 751 2038 non
767 2001 820 2060 pro
835 1989 923 2060 captu
939 1979 1062 2040 decreta
1081 1983 1165 2040 nobis

207 2073 351 2133 statuens,
374 2065 427 2123 sed
453 2068 635 2145 antiquorum
658 2075 767 2124 statuta
789 2067 953 2124 certissima
974 2069 1165 2125 monasterio·

207 2169 280 2217 rum,
300 2170 367 2229 quae
384 2152 411 2208 in
430 2152 662 2230 peregrinatione
681 2152 834 2218 didicerat,
852 2150 909 2209 sibi
924 2151 1046 2229 suisque
1065 2154 1166 2211 obser·
1176 2168 1206 2212 20

206 2235 305 2293 vanda
322 2256 500 2314 proponens.
545 2235 615 2294 Nec
640 2238 760 2295 cuilibet
778 2245 919 2303 vestrum,
937 2235 1053 2306 fratres,
1076 2258 1165 2315 grave

206 2319 296 2379 debet
324 2321 415 2378 videri
441 2322 466 2379 si
496 2331 564 2379 notu
593 2321 757 2400 loquamur,
786 2322 839 2380 sed
865 2321 1043 2381 delectabile
1069 2325 1166 2402 potius

208 2407 356 2474 aestimari,
376 2407 446 2484 quia
464 2426 533 2463 vera
550 2406 704 2484 loquimur,
724 2406 842 2485 quaudo
859 2408 948 2484 patris
971 2409 1061 2465 nostri
1082 2410 1166 2488 spiri·

207 2491 278 2550 talia
299 2501 383 2566 gesta
404 2511 565 2560 narramus,
588 2492 636 2550 cui
658 2491 814 2550 manifesto
839 2491 979 2550 miraculo
1008 2490 1169 2564 Dominus,

207 2576 287 2656 quod
303 2575 441 2635 fidelibus
461 2578 522 2635 suis
540 2578 683 2655 promisit,
698 2577 888 2656 adimplevit;
912 2578 982 2656 quia
996 2580 1103 2648 omnis,
1119 2582 1207 2660 quius

206 2662 324 2741 reliquit
344 2661 474 2730 domum,
491 2663 666 2732 vettones,
683 2672 733 2722 aut
753 2683 879 2730 sorores,
901 2673 953 2722 aut
973 2673 1097 2742 patrem,
1119 2675 1170 2725 aut

209 2759 342 2816 matrem,
358 2758 408 2806 aut
423 2768 555 2817 uxorem,
575 2757 625 2807 aut
645 2749 732 2818 filios,
751 2758 801 2809 aut
816 2769 914 2825 agros,
931 2760 1049 2828 propter
1064 2770 1169 2811 nomen

207 2852 314 2900 meum,
334 2832 503 2911 centuplum
526 2835 654 2913 accipiet
674 2836 702 2892 in
725 2835 781 2893 hoc
805 2842 948 2912 tempore,
969 2835 1047 2894 etin
1068 2837 1169 2896 seculo

208 2929 331 2977 venturo
368 2919 457 2976 vitam
495 2929 643 2978 aeternam.
701 2919 978 2999 Reliquit‘quippe
1010 2933 1167 2996 cognatos,

208 3003 328 3082 quando
350 3005 471 3082 patriam
500 3003 640 3073 deseruit,
669 3005 786 3083 accepit
813 3005 994 3083 centuplum,
1017 3007 1089 3083 quia
1112 3022 1208 3067 nanto

209 3089 303 3148 solum
319 3110 337 3147 a
351 3090 465 3147 cunctis
480 3090 507 3146 in
525 3091 581 3148 hac
597 3101 674 3148 terra
687 3111 740 3168 pro
754 3092 892 3148 virtutum
907 3089 1051 3148 industria
1066 3094 1168 3151 merito

207 3176 387 3233 venerationi
404 3175 520 3234 habitus
540 3184 597 3245 est,
613 3174 665 3233 sed
685 3184 715 3234 et
732 3177 759 3233 iu
784 3173 896 3243 Gallia,
911 3175 964 3233 sed
979 3184 1009 3234 et
1023 3176 1050 3234 in
1069 3175 1169 3247 ltalia,

209 3257 310 3318 Roma
330 3280 448 3338 quoque
473 3280 509 3319 ac
535 3261 623 3318 maris
648 3261 769 3327 insulis;
796 3261 834 3318 ab
860 3261 1005 3328 omnihus,
1027 3262 1077 3339 qui
1104 3283 1171 3322 eum

208 3365 297 3403 nosse
318 3355 451 3423 potuere,
470 3344 607 3411 dilectus,
622 3344 697 3403 adeo
715 3354 745 3402 ut
758 3345 822 3424 ipse
838 3365 917 3424 papa
931 3346 1115 3424 apostolicus
1133 3349 1179 3407 ad-

208 3430 372 3510 prolectum
397 3432 563 3489 monasterii
590 3432 689 3508 hujus,
715 3430 796 3508 quod
821 3429 902 3488 illum
927 3450 1003 3489 nunc
1027 3431 1211 3494 fundasseas

210 3516 369 3590 gaudebat,
397 3513 562 3573 Jobannem
591 3516 632 3573 illi
658 3517 796 3574 abbatem
826 3527 915 3595 atque
940 3517 1173 3580 archicantorem

208 3601 355 3659 Romanae
384 3600 532 3668 ecclesiae,
563 3603 640 3660 sicut
668 3603 776 3661 caritas
805 3611 905 3660 vestra
934 3602 1007 3660 bene
1032 3605 1172 3676 meminit,

210 3688 390 3746 Britanniam
418 3707 437 3744 a
465 3686 566 3744 Roma
594 3687 803 3746 deducendum
824 3695 986 3766 praestaret,
1010 3708 1060 3766 per
1086 3711 1174 3768 quem

208 3773 286 3830 idem
302 3773 508 3831 monasterium
526 3793 635 3830 morem
652 3771 777 3831 canendi
797 3791 832 3828 ac
853 3773 1035 3831 ministrandi
1052 3777 1173 3834 canoni·

209 3878 288 3926 curn,
318 3861 408 3934 juxta
435 3858 521 3916 ritum
551 3866 662 3915 sanctae
696 3857 844 3915 Romanae
875 3864 964 3935 atque
998 3861 1213 3936 apostolicaeao

209 3942 357 4011 eeclesiae,
386 3944 559 4020 perciperet.
606 3942 746 4020 Reliquit
777 3941 883 4001 domos
912 3951 941 4000 et
969 3962 1067 4020 agros,
1098 3967 1173 4023 quos

207 4027 363 4096 habuerat,
392 4047 445 4106 pro
475 4026 606 4095 Christo,
636 4048 654 4085 a
682 4048 745 4106 quo
776 4048 878 4104 agrum
910 4047 1024 4107 semper
1051 4029 1173 4088 virentis

207 4112 337 4189 paradisi
362 4120 392 4171 et
419 4111 538 4171 domum
567 4132 623 4170 non
651 4112 866 4184 manufactam,
895 4112 950 4172 sed
978 4121 1116 4174 aeternam
1145 4117 1174 4175 in
