2850 4890
202 329 268 394 234
579 345 790 393 nrrnnnrx.

235 591 461 656 Gnnoonrns¹
483 588 673 653 Theodorico
687 599 718 652 et
739 585 1135 674 Theodebertosratrilrns,

418 672 542 760 repibus
557 674 753 739 Francorum
767 695 788 736 a
797 671 942 758 paribus.

205 850 407 918 Poeronm
424 848 508 908 Dens
523 849 708 927 omnipotens
722 868 842 925 regnum
852 858 984 908 vestrum
995 845 1066 907 fidei
1077 846 1164 907 recti-

204 934 306 993 tudine
320 935 481 1004 decoravit‚
500 943 531 994 et
548 934 711 1012 integritate
729 933 904 994 Christianae
923 933 1074 1011 religionis
1092 935 1166 992 inter

207 1031 309 1100 gentes
334 1021 408 1079 alias
432 1019 504 1079 fecit
527 1040 594 1080 esse
616 1019 821 1098 conspicuum,
850 1038 989 1097 magnam
1017 1018 1055 1078 de
1080 1019 1166 1078 vobis
1191 1036 1205 1079 n

206 1107 358 1165 materiam
378 1107 575 1186 praesumendi
597 1106 798 1184 concepimus,
821 1104 902 1184 quod
922 1105 1076 1182 subjectos
1098 1125 1166 1165 ves·

207 1202 280 1261 tros,
303 1191 342 1250 ad
364 1211 429 1250 earn
448 1193 579 1250 converti
602 1189 691 1249 iidem
711 1210 763 1269 per
784 1191 882 1249 omnia
900 1191 1038 1269 cupiatis,
1058 1191 1088 1248 in
1107 1209 1167 1269 qna

208 1297 309 1337 eorum
333 1297 438 1356 nempe
461 1297 545 1353 reges
568 1277 639 1335 estis
662 1285 692 1333 et
714 1274 834 1335 domini.
879 1275 984 1355 Atque
1008 1275 1078 1334 ideo
1100 1296 1165 1355 per-

209 1363 290 1422 venit
311 1362 350 1421 ad
374 1382 427 1420 nos
452 1361 619 1440 Anglorum
641 1369 757 1438 gentem
783 1360 823 1419 ad
845 1359 933 1419 tidem
954 1360 1165 1431 Christianam,

210 1448 277 1507 Deo
293 1449 458 1515 miserante,
470 1446 671 1506 desideranter
681 1445 757 1505 velle
771 1448 915 1516 converti,
926 1445 981 1504 sed
992 1445 1167 1506 sacerdotes
1178 1461 1207 1506 lt

210 1556 226 1593 e
240 1534 337 1593 vicino
353 1533 510 1611 negligere,
525 1543 556 1592 et
573 1530 719 1592 desideria
735 1551 835 1591 eorum
853 1551 971 1591 cessare
986 1552 1043 1591 sna
1059 1531 1168 1591 adhor-

209 1620 319 1679 tatione
334 1618 527 1678 succendere.
572 1618 622 1675 0b
639 1618 695 1676 hoc
712 1618 800 1695 igitur
817 1617 1033 1695 Augustinum,
1049 1636 1168 1677 servum

211 1704 281 1773 Dei,
296 1705 483 1784 praesentium
502 1703 682 1782 portitorem,
696 1705 782 1781 cujus
803 1702 884 1762 zelus
899 1711 929 1761 et
943 1702 1074 1762 studium
1094 1703 1169 1762 bene

211 1791 296 1850 nobis
312 1798 359 1849 est
372 1790 534 1868 cognitum,
549 1809 616 1847 cum
631 1788 697 1847 aliis
712 1790 803 1847 servis
819 1787 878 1846 Dei
892 1789 962 1847 illuc
977 1787 1169 1867 praevidimus

211 1875 404 1952 dirigendum.
449 1875 568 1941 Quibus
583 1875 670 1934 etiam
684 1874 873 1951 injunximus,
888 1882 921 1932 ut
934 1874 1051 1953 aliquos
1066 1894 1169 1934 secum
1180 1889 1208 1933 ln

212 1961 341 2021 evicino
359 1959 488 2019 debeant
504 1962 692 2040 presbyteros
713 1959 832 2029 ducere,
849 1980 916 2019 cum
938 1960 1047 2039 quibus
1067 1980 1171 2019 eornm

211 2045 329 2126 possint
343 2054 454 2105 mentes
469 2065 641 2122 agnoscere,
656 2053 686 2104 et
700 2045 866 2104 voluntates
882 2045 1083 2105 admonitione
1104 2065 1170 2114 sna,
1241 2067 1242 2070 ¹

213 2142 354 2211 quantum
378 2130 464 2189 Deus
484 2130 648 2201 donaverit,
669 2131 819 2209 adjuvare.
866 2130 903 2190 ln
921 2151 981 2209 qua
994 2151 1037 2201 re,
1058 2139 1091 2189 ut
1108 2129 1171 2190 effi-

213 2237 303 2277 caces
317 2215 437 2276 valeant
450 2226 539 2295 atque
554 2217 652 2276 idonei
663 2237 813 2295 apparere,
824 2217 1030 2276 excellentiam
1041 2225 1171 2276 vestram

214 2314 336 2383 paterna
355 2303 517 2361 salutantes
535 2303 656 2362 caritate
672 2302 854 2381 qnaesumus,
868 2311 901 2361 ut
914 2303 954 2372 hi,
970 2323 1047 2381 qnos
1064 2303 1169 2362 direxi·
1181 2316 1210 2362 2⁰

213 2410 290 2458 mus,
304 2387 413 2448 favoris
427 2389 517 2448 vestri
532 2389 661 2448 invenire
679 2389 801 2466 gratiam
822 2397 997 2447 mereantur.
1043 2387 1085 2447 Et
1101 2388 1172 2467 qnia

215 2475 373 2534 animarum
389 2482 551 2544 causaest,
568 2483 667 2534 vestra
684 2495 736 2533 eos
755 2483 888 2552 potestas
906 2482 1021 2533 tueatur
1038 2481 1069 2532 et
1086 2468 1172 2552 adju-

214 2569 284 2629 vet;
307 2567 340 2618 ut
361 2558 446 2618 Dens
465 2560 661 2637 omnipotens,
679 2560 730 2638 qui
750 2579 805 2617 vos
826 2559 855 2617 in
876 2579 971 2619 cansa
987 2579 1042 2618 sua
1061 2558 1174 2618 devota

216 2651 312 2704 mente
331 2654 361 2705 et
383 2652 446 2704 toto
472 2645 570 2704 studio
594 2645 725 2705 solatiari
744 2645 909 2721 cognoscit,
931 2665 1039 2704 causas
1057 2653 1174 2704 vestras
1227 2656 1236 2677 ·

216 2751 272 2790 sna
292 2731 496 2810 propitiatione
517 2731 665 2809 disponat,
687 2740 718 2789 et
741 2740 809 2809 post
827 2737 970 2790 terrenam
995 2737 1175 2810 potestatem
1184 2745 1212 2790 tn

216 2817 256 2877 ad
269 2816 402 2875 coelestia
416 2838 470 2876 vos
484 2835 574 2892 regna
588 2816 738 2895 perducat.

259 2902 412 2961 Praeterea
422 2902 644 2961 dilectissimum
660 2901 750 2961 tilium
765 2908 894 2960 nostrum
909 2898 1077 2959 Candidum
1090 2921 1174 2980 pres-

216 2989 363 3067 byterum,
381 2997 410 3046 et
427 2987 660 3067 patrimoniolum
675 2987 811 3046 ecclesiae
829 2997 948 3056 nostrae,
970 2986 1053 3065 quod
1068 2987 1096 3044 in
1115 2986 1178 3046 illis

217 3075 350 3152 partibus
379 3081 426 3132 est
452 3073 654 3142 constitutum,
679 3081 711 3132 ut
735 3071 971 3131 commendatum
999 3072 1176 3131 excellentia

216 3167 315 3217 vestra
328 3158 435 3218 habere
446 3158 564 3228 debeat,
574 3158 774 3237 postulamus;
789 3165 936 3236 quatenus
948 3157 1052 3216 beatus
1065 3157 1176 3217 Petrus
1186 3172 1214 3218 ac

218 3244 417 3322 apostolorum
435 3245 570 3323 princeps
588 3263 643 3303 sua
659 3244 744 3303 vobis
759 3243 967 3302 intercessione
983 3242 1175 3322 respondeat,

218 3329 269 3406 qni
290 3328 435 3388 mercedis
458 3331 573 3398 intuitu,
596 3330 746 3389 tuitionem
769 3330 797 3387 in
821 3329 909 3387 rebus
931 3349 1092 3408 pauperum
1109 3332 1174 3408 ejus

216 3413 394 3493 impenditis.

254 3727 434 3792 ¹Greg.Epp.
445 3730 503 3780 Lib.
515 3745 551 3780 vr.
563 3732 680 3792 ep.lviii.
750 3729 769 3760 ¹⁶
785 3731 940 3794 Presbyteros
967 3733 1073 3796 duona]
1127 3736 1176 3784 See

219 3801 376 3849 Letterlrom
385 3802 502 3862 Gregory
515 3807 541 3848 to
552 3802 681 3850 Theodric
715 3803 751 3851 Η.
761 3803 792 3851 Ε.
806 3817 824 3852 r.
837 3817 900 3851 xxv.
915 3807 975 3851 note
988 3800 1015 3852 ¹⁴.

219 3870 270 3919 and
291 3871 447 3931 Theodbert,
475 3874 682 3933 recommending

219 3942 364 4002 Augustine
378 3943 427 3991 and
440 3943 582 3992 Candidus.
