2850 4890
259 351 323 417 186
453 369 541 418 vnrv.
561 368 668 417 anon
688 369 1028 432 canonicorumve

55 543 232 637 ΜΑἪΜ
299 527 476 593 Honorius
491 548 569 593 cum
579 527 775 593 Theodosio
787 529 927 606 minore,
940 525 1058 592 fratris
1074 527 1129 592 sui
1143 525 1212 591 filio

63 622 141 700 tarr]
171 621 241 700 ιη’
256 631 356 694 annis
366 645 429 695 xv.
472 631 632 695 Alaricus
641 650 703 696 rex
715 630 905 696 Gothorum
914 629 1064 695 Romam
1074 629 1214 705 invasit,

257 738 456 815 partemque
476 733 551 817 ejus
571 733 736 798 cremavit
749 732 919 808 incendio,
934 747 977 820 ιζ
993 730 1214 795 calendarum

258 833 518 915 Septembrium,
543 852 634 898 anno
656 833 863 899 conditionis
885 832 960 916 ejus
986 846 1148 907 ucnxrv,
1173 849 1214 894 ac

258 941 359 998 sexto
378 934 433 999 die
453 955 557 1019 quam
576 936 752 1017 ingressus
771 934 894 1011 fuerat,
914 933 1116 1016 depraedata
1135 933 1218 996 urbe
1239 949 1253 993 t

258 1055 415 1116 egressus
442 1043 507 1100 est.
552 1035 725 1100 Lucienus
752 1035 940 1118 presbyter,
965 1033 1022 1098 cui
1048 1033 1216 1099 revelavit
1260 1053 1265 1060 ·

258 1137 353 1201 Deus
367 1138 513 1219 septimo
529 1136 675 1200 Honorii
690 1137 856 1221 principis
871 1155 962 1201 anno
975 1136 1090 1200 locum
1101 1135 1215 1219 sepul·

256 1238 328 1302 chri
350 1245 384 1303 et
406 1237 625 1322 reliquiarum
644 1240 739 1304 beati
756 1237 1016 1322 protomartyris
1036 1236 1216 1320 Stephani,

258 1347 294 1403 et
309 1339 510 1404 Gamalielis
525 1360 566 1405 ac
582 1341 775 1417 Nicodemi,
790 1340 850 1425 qui
869 1341 905 1403 in
925 1339 1106 1422 evangelio
1126 1345 1164 1403 et
1179 1339 1214 1402 iu

256 1440 403 1505 Actibus
418 1441 665 1525 Apostolorum
685 1442 856 1525 leguntur,
874 1440 1013 1523 scripsit
1031 1441 1145 1524 ipsam
1166 1459 1216 1503 re·
1227 1457 1256 1502 ro

257 1542 465 1607 velationem
475 1542 598 1609 Graeco
609 1562 763 1608 sermone
775 1541 819 1607 ad
832 1542 983 1608 omnium
993 1542 1217 1607 ecclesiarum

258 1663 461 1727 personam3
482 1664 586 1729 quam
609 1643 852 1711 revelationem
873 1644 1001 1708 Avitus
1025 1643 1216 1726 presbyter,

260 1745 360 1810 homo
371 1746 552 1829 Hispanus
565 1765 697 1829 genere,
704 1746 741 1809 in
751 1745 912 1810 Latinum
920 1743 1218 1827 vertiteloquinm,

260 1854 295 1910 et
310 1847 447 1929 adjecta
464 1847 615 1930 epistola
632 1867 708 1925 sua,
722 1865 783 1928 per
804 1845 964 1910 Orosium
982 1847 1217 1928 presbyterum

261 1947 532 2012 occidentalibus
557 1949 672 2030 dedit3
699 1949 760 2031 qui
780 1949 884 2012 etiam
911 1947 1055 2012 Orosius
1074 1947 1118 2013 ad
1140 1946 1256 2011 locare

262 2054 384 2111 sancta
397 2049 612 2132 perveniens,
626 2069 696 2131 qno
713 2069 790 2114 eum
805 2049 1022 2132 Augustinus
1036 2049 1081 2113 ad
1096 2048 1221 2113 Hiero-

261 2169 400 2231 nymum
419 2169 481 2233 pro
502 2150 666 2215 discenda
683 2151 806 2214 animae
825 2151 958 2215 rationo
975 2151 1127 2227 miserat,
1141 2151 1218 2215 reli-

263 2250 364 2333 quias
381 2251 474 2316 beati
495 2252 663 2336 Stephani
681 2253 826 2335 accepit,
843 2260 880 2318 et
895 2252 1044 2335 patriam
1059 2270 1217 2318 reversus

262 2353 391 2436 primus
405 2355 522 2419 intulit
534 2355 715 2420 occidenti.

305 2454 455 2519 Brittani
479 2455 675 2520 Scottorum
699 2454 942 2539 Pictorumque
964 2454 1259 2520 infestationemso

263 2557 501 2621 conserentes
524 2557 673 2622 Romam
694 2557 844 2634 mittunt,
867 2566 902 2622 et
926 2557 981 2620 sui
1006 2557 1220 2641 subjectione

263 2659 432 2741 promissa
456 2666 576 2723 contra
597 2657 731 2722 hostem
754 2659 887 2723 auxilia
905 2659 1073 2741 flagitant,
1093 2659 1220 2742 quibus

263 2760 382 2824 statim
396 2761 504 2824 missa
517 2760 606 2842 legio
621 2779 779 2841 magnam
797 2760 1016 2825 barbarorum
1029 2761 1221 2826 multitudi-

265 2881 342 2925 nem
370 2863 503 2941 sternit,
529 2868 661 2927 ceteros
687 2861 869 2927 Brittaniae
893 2861 1019 2927 finibus
1045 2862 1221 2945 pellitae

264 2962 402 3026 domum
431 2982 610 3028 reversura
639 2963 806 3046 praecepit
834 2962 938 3027 sociis
975 2963 1020 3027 ad
1054 2964 1221 3029 arcendos
1231 2983 1261 3029 ss

266 3063 382 3128 hostes
396 3083 529 3127 murum
543 3071 639 3129 trans
656 3065 804 3129 insulam
821 3064 910 3128 inter
932 3065 1000 3129 duo
1019 3065 1130 3129 maria
1150 3075 1222 3131 sta·

267 3173 373 3241 tuere,
394 3164 455 3246 qni
474 3165 605 3249 absque
623 3165 753 3230 artifice
773 3165 937 3247 magistro
959 3166 1070 3248 magis
1090 3168 1222 3250 cespite

267 3284 371 3348 quam
381 3265 498 3348 lapide
512 3266 638 3346 iactus,
649 3268 697 3331 nil
712 3267 932 3349 operantibus
945 3266 1083 3350 profuit
1129 3267 1223 3335 Nam

267 3386 349 3430 mox
360 3374 400 3431 ut
415 3366 603 3433 discessere
618 3368 779 3446 Romani,
792 3368 958 3433 advectus
972 3369 1119 3434 navibus
1130 3370 1224 3453 prior

267 3467 377 3531 hostis
391 3468 492 3551 quasi
506 3476 677 3533 maturam
696 3477 845 3550 segetem
864 3469 969 3534 obvia
989 3489 1136 3553 quaeque
1156 3472 1224 3538 sibi
1235 3489 1264 3537 tt

268 3569 380 3646 caedit,
396 3569 519 3649 calcat,
533 3572 688 3637 devorat
735 3570 864 3636 Iterum
884 3572 984 3653 petiti
1003 3573 1137 3638 auxilia
1151 3573 1224 3640 Ro-

267 3671 360 3735 mani
393 3672 566 3751 advolant,
594 3680 629 3737 et
663 3692 790 3737 caesum
818 3673 951 3737 hostem
983 3680 1080 3738 trans
1111 3678 1224 3741 maria

268 3772 399 3855 fugant,
421 3775 681 3860 conjunctisque
707 3775 774 3838 sibi
799 3775 965 3839 Brittanis
990 3795 1134 3856 murum,
1153 3798 1221 3842 non

471 4022 491 4053 ²⁰
507 4021 645 4092 Britanni]
664 4027 699 4075 H.
709 4027 740 4076 E.
755 4029 779 4086 l,
791 4027 837 4076 xii.
851 4026 917 4092 §22

467 4092 486 4123 ³⁰
504 4096 577 4144 urar
588 4095 683 4158 aava]
704 4098 740 4146 Η.
755 4098 786 4146 u.
801 4101 825 4160 1,
838 4098 885 4148 xa.
898 4098 911 4165 a
925 4102 965 4149 so.
