2850 4890
339 361 382 424 62
635 374 727 421 vrrs
745 373 773 421 e.
791 373 1023 433 cunensem,

166 549 308 600 anesi.
339 535 443 599 tionis
460 535 617 617 angelum
631 533 770 597 Domini
791 553 854 598 suo
877 532 1072 614 suscepisse
1091 531 1199 595 fertur
1219 531 1297 594 hos-

338 637 435 719 pitio.
479 636 609 698 Exiens
630 635 755 699 etenim
770 635 879 717 primo
893 654 994 698 mane
1018 633 1061 697 de
1078 633 1297 697 interioribus

338 737 534 800 monasterii
561 737 693 799 aedibus
717 736 761 798 ad
781 734 955 817 hospitum
975 735 1143 811 cellulam,
1166 733 1298 798 invenit

336 837 422 902 inibi
443 838 612 918 quendam
633 838 808 900 sedentem
821 837 994 919 juvenem,
1009 855 1110 917 quem
1126 835 1297 897 hominem

338 939 514 1002 aestimans
541 939 642 1001 solito
667 957 748 1000 mox
772 937 995 1001 humanitatis
1015 956 1107 999 more
1130 935 1296 1017 suscepit.
1323 955 1337 998 s

337 1037 430 1102 Nam
438 1039 597 1103 lavandis
610 1038 766 1100 manibus
779 1057 905 1118 aquam
917 1038 1021 1114 dedit,
1033 1037 1138 1119 pedes
1147 1036 1222 1118 ipse
1237 1037 1296 1099 ab·

336 1139 412 1217 luit,
422 1140 529 1204 linteo
539 1139 693 1215 extersit,
704 1138 870 1202 fovendos
881 1137 1221 1201 humilitermanibus
1231 1155 1296 1200 suo

334 1240 370 1302 in
381 1241 457 1302 sinu
468 1240 672 1322 composuit,
682 1245 785 1320 atque
795 1245 833 1301 ut
842 1237 958 1302 horam
968 1239 1036 1302 diei
1046 1239 1180 1302 tertiam
1190 1239 1295 1302 etiam

334 1343 411 1405 cibo
425 1341 626 1405 reficiendus
641 1348 870 1423 exspectaret,
883 1341 1027 1421 rogavit,
1041 1360 1095 1418 ne,
1110 1341 1141 1403 si
1151 1340 1293 1423 jejunus

331 1444 407 1519 iret,
436 1442 526 1506 fame
555 1443 682 1525 pariter
710 1450 745 1506 et
774 1442 895 1523 frigore
924 1443 1112 1507 lassaretur
1139 1442 1291 1505 hiberno.
1304 1461 1334 1505 lo

332 1543 486 1607 Putabat
504 1563 651 1626 namque
671 1543 842 1606 hominem
861 1551 1028 1606 nocturno
1048 1543 1170 1607 itinere
1191 1543 1292 1607 simul

332 1654 367 1709 et
381 1647 520 1710 flatibus
535 1637 706 1709 defessum
721 1646 841 1721 niveis
855 1645 915 1709 illo
929 1645 1167 1728 requiescendi
1182 1645 1293 1726 gratia

332 1747 482 1810 diluculo
499 1746 690 1810 divertisse.
733 1745 885 1828 Negavit
896 1747 965 1824 ille,
977 1753 1012 1809 et
1025 1765 1063 1809 se
1075 1747 1144 1809 cito
1154 1747 1292 1823 iturum,

332 1849 414 1930 quia
440 1849 576 1929 longius
606 1854 699 1911 esset
727 1849 862 1911 mansio
888 1848 931 1911 ad
956 1867 1060 1929 quam
1083 1854 1291 1929 properaret,

331 1949 516 2029 respondit.
570 1947 620 2012 At
648 1948 862 2013 cudberctus
892 1949 950 2012 diu
978 1949 1122 2012 multum
1153 1968 1290 2030 rogans,
1302 1968 1332 2012 15

331 2050 469 2113 tandem
501 2049 715 2134 adjuratione
751 2051 870 2114 addita
910 2050 1016 2113 divini
1052 2049 1211 2127 nominis,
1244 2050 1290 2113 ad

329 2151 536 2214 manendum
564 2152 696 2232 coegit;
733 2153 920 2234 statimque
948 2159 997 2228 ut,
1026 2152 1173 2233 expletis
1198 2150 1290 2214 horae

331 2253 440 2316 tertiae
460 2255 631 2336 precibus,
645 2254 807 2318 vescendi
829 2261 965 2336 tempus
981 2253 1111 2330 aderat,
1127 2252 1290 2334 adposuit

328 2372 492 2430 mensam,
508 2354 690 2416 sumendas
709 2354 833 2417 obtulit
855 2373 966 2429 escas,
984 2360 1019 2416 et
1037 2359 1047 2388 ‘
1065 2352 1217 2417 Obsecro
1233 2351 1289 2431 te,’

328 2453 452 2536 inquit,
475 2454 614 2530 ‘frater,
634 2454 780 2532 reficias,
802 2454 882 2518 dum
903 2455 1037 2518 rediens
1059 2473 1184 2536 panem
1204 2454 1331 2518 oali-no

329 2555 409 2617 dum
424 2553 550 2632 adfero,
565 2574 665 2637 spero
680 2555 769 2617 enim
785 2555 951 2637 quiajam
967 2555 1056 2619 cocti
1071 2562 1153 2618 sunt
1166 2555 1289 2619 modo!

328 2655 377 2718 At
391 2657 450 2719 ubi
465 2657 575 2732 rediit,
590 2675 658 2718 non
674 2656 805 2719 invenit
819 2655 1000 2736 hospitem,
1014 2674 1116 2737 quem
1130 2655 1287 2718 edentem

326 2759 519 2840 reliquerat,
544 2758 703 2841 explorat
727 2756 876 2838 vestigia
905 2774 975 2837 quo
997 2755 1071 2831 iret,
1103 2754 1163 2817 sed
1191 2755 1287 2818 nulla

327 2859 463 2940 uspiam
478 2859 598 2934 cernit,
620 2878 739 2922 reeens
761 2864 876 2921 autem
893 2856 984 2919 nivis
1000 2863 1124 2919 terram
1139 2862 1286 2934 texerat,

326 2980 404 3041 quae
423 2959 585 3023 facillime
609 2958 737 3022 viantis
760 2958 825 3020 iter
843 2957 1010 3038 proderet,
1034 2964 1068 3019 et
1090 2976 1159 3039 quo
1182 2957 1327 3020 decli-ns

324 3066 432 3135 naret,
452 3065 664 3121 monstraret.
708 3057 929 3139 stupefactus
954 3077 1032 3138 ergo
1055 3059 1108 3121 vir
1121 3056 1285 3137 Domini,

326 3166 361 3222 et
386 3178 503 3222 secum
526 3177 684 3240 quaerens
710 3158 752 3220 de
777 3158 871 3221 sacto
899 3160 1052 3240 reposuit
1073 3178 1227 3222 mensam
1248 3161 1284 3223 in

324 3260 490 3324 conclavi.
536 3257 636 3336 Quod
649 3260 823 3341 ingressus
836 3261 999 3323 continuo
1012 3260 1147 3322 obviam
1163 3258 1285 3336 habuit

323 3359 399 3422 miri
429 3359 543 3424 odoris
571 3359 804 3441 fragrantiam.
851 3358 1137 3443 Circumspiciens
1168 3369 1283 3425 autem

323 3460 412 3524 unde
432 3469 525 3525 esset
545 3468 622 3524 orta
642 3468 740 3526 tanta
761 3462 875 3525 odoris
894 3463 1061 3538 suavitas
1076 3463 1163 3527 vidit
1177 3462 1282 3544 juxta
1294 3481 1324 3526 ao

321 3562 453 3645 positos
484 3569 554 3626 tres
585 3582 694 3643 panes
724 3562 869 3640 calidos,
899 3563 1030 3627 insoliti
1059 3564 1224 3628 candoris
1247 3572 1283 3628 et

321 3663 450 3745 gratiae.
495 3663 702 3745 Pavensque
722 3665 807 3727 talia
827 3684 943 3727 secum
963 3665 1125 3747 loquitur,
1147 3665 1281 3729 ‘Cerno

321 3765 411 3848 quod
434 3765 575 3846 angelus
591 3762 657 3827 Dei
672 3773 747 3829 erat
765 3785 865 3847 quem
881 3768 1029 3848 suscepi,
1043 3786 1196 3848 pascere,
1211 3787 1280 3830 non

364 4013 484 4063 ⁸Horum
505 4015 552 4063 diei
576 4009 691 4083 tertiam]
728 4015 783 4064 The
817 4016 930 4076 charged
953 4033 997 4066 are
1017 4019 1163 4067 illustrated
1182 4019 1278 4080 hythe

321 4085 408 4133 duties
420 4085 506 4134 which
519 4086 645 4134 Cuthhert
657 4086 718 4134 here
731 4086 783 4134 dis·
815 4087 887 4134 work
897 4087 1010 4136 referred
1022 4094 1047 4136 to
1056 4090 1081 4136 in
1095 4089 1136 4137 the
1147 4091 1199 4136 last
1208 4096 1276 4138 note.
