2850 4890
233 348 297 412 114
521 320 913 425 νιτΑε.ὀυυηκοτι,

62 534 97 584 A.
108 534 207 587 noea
236 520 332 586 dedit
351 520 505 586 adstanti
519 521 718 604 presbytero
738 539 813 597 suo,
827 519 888 602 qui
907 517 1056 583 reddidit
1074 517 1194 582 minis-

238 631 312 702 tro;
335 630 372 687 et
391 623 555 700 minister,
580 629 726 705 accepto
747 620 883 703 poculo,
903 619 1045 698 ‘Licet’
1070 619 1195 702 inquit,

237 723 343 787 ‘mihi
372 724 488 788 bibere
512 723 555 787 de
580 730 676 806 potu,
701 722 744 787 de
770 739 839 803 quo
864 720 953 785 bibit
976 720 1196 804 episcopu‘si’

238 823 442 906 Respondit,
461 823 612 902 ‘Etiam,
632 841 738 906 quare
757 841 826 886 non
844 821 960 886 liceti’
982 828 1058 886 erat
1079 829 1196 886 autem

237 932 272 990 et
288 923 346 989 ille
366 926 546 1008 presbyter
566 924 720 1009 ejusdem
739 924 948 988 monasterii.
993 922 1090 987 Bibit
1107 941 1198 1004 ergo,
1221 941 1236 984 s

238 1033 274 1090 et
284 1025 362 1092 visa
377 1033 431 1091 est
444 1026 476 1090 ei
488 1046 580 1108 aqua
591 1026 692 1109 quasi
703 1026 740 1089 in
754 1044 912 1108 saporem
923 1025 996 1090 vini
1007 1042 1196 1104 couversa3

238 1127 395 1210 tantique
411 1127 478 1193 sibi
493 1134 616 1192 testem
629 1128 750 1192 volens
766 1128 927 1191 adhibere
940 1126 1098 1191 miraculi
1114 1125 1197 1189 Fra·

238 1237 334 1308 trem,
352 1229 411 1312 qui
430 1228 585 1312 proxime
605 1230 779 1308 adstabat,
793 1230 947 1312 porrexit
964 1229 995 1293 ei
1016 1228 1197 1311 poculum3

239 1331 299 1414 qui
326 1349 403 1394 cum
425 1339 461 1392 et
483 1329 559 1412 ipse
580 1330 724 1407 biberet,
744 1330 819 1413 ejus
840 1349 976 1413 quoque
994 1329 1116 1412 palato
1135 1347 1197 1410 pro

240 1449 332 1513 aqua
340 1431 457 1495 vinum
466 1430 635 1512 sapiebat.
658 1429 897 1512 Aspectabant
909 1438 1023 1495 autem
1034 1431 1198 1495 mirantes
1209 1447 1238 1493 lo

240 1531 457 1608 adinvicem,
473 1538 507 1595 et
527 1531 586 1595 ubi
600 1550 750 1597 vacuum
769 1539 905 1615 tempus
925 1532 969 1597 ad
987 1531 1217 1620 loquendum¹

239 1640 451 1715 receperunt,
465 1631 716 1697 confitebantur
726 1633 937 1710 alterutrum,
947 1633 1031 1716 quia
1041 1631 1198 1697 videreu-

241 1740 297 1797 tur
310 1734 376 1797 sibi
388 1753 562 1816 nunquam
575 1734 698 1798 melius
709 1735 825 1799 vinum
835 1735 965 1800 bibisse
977 1755 986 1817 3
1008 1735 1100 1799 sicut
1110 1751 1199 1798 unus

243 1854 287 1897 ex
307 1835 393 1916 ipsis
413 1840 536 1916 postea
553 1835 589 1897 in
604 1844 723 1899 nostro
743 1836 963 1915 monasterio,
977 1836 1069 1920 quod
1085 1843 1140 1901 est
1154 1836 1199 1899 ad

243 1934 368 1997 ostium
389 1935 488 1998 Uuiri
508 1935 670 2014 fluminis,
687 1955 757 1999 non
782 1955 890 2019 parvo
913 1943 1065 2020 tempore
1084 1935 1239 2001 demo-rs

242 2041 350 2112 ratus,
377 2034 571 2118 ibidemque
601 2056 692 2100 nunc
719 2036 860 2118 placida
887 2039 1003 2120 quiete
1031 2039 1200 2121 sepultus,

244 2154 309 2199 sua
322 2135 404 2199 mibi
419 2136 584 2200 relatione
600 2142 749 2201 testatus
763 2144 827 2201 est.

535 2474 697 2540 CAPUT
717 2474 908 2543 XXXVI.

277 2641 436 2713 Quomodo
451 2643 658 2711 inobedienter
672 2648 702 2710 ei
716 2647 864 2733 quosdam
869 2647 996 2734 fratres
1012 2660 1176 2736 tenpestas

582 2750 680 2812 maris
694 2748 858 2813 obsederit.
1212 2770 1243 2816 no

246 2947 331 3034 556.
354 2946 516 3014 Dnonus
530 2949 634 3033 igitur
653 2951 755 3017 aunis
774 2952 811 3016 in
831 2952 994 3035 regimine
1011 2955 1202 3040 episcopali

246 3050 444 3129 transactis,
456 3051 569 3115 sciens
584 3053 620 3116 in
634 3052 758 3135 spiritu
773 3053 825 3119 vir
837 3053 976 3119 Domini
988 3055 1202 3123 cudberctus

246 3152 521 3234 adpropinquare
541 3152 631 3217 diem
648 3154 703 3218 sui
724 3156 902 3236 transitus,
923 3157 1049 3240 abjecit
1065 3160 1201 3241 pondus

246 3270 338 3316 curae
352 3253 549 3335 pastoralis,
565 3261 669 3337 atque
685 3255 730 3320 ad
745 3257 908 3324 dilectum
924 3260 1106 3325 eremiticae
1121 3281 1203 3326 con·

246 3353 449 3418 versationis
477 3373 620 3437 agonem
646 3360 852 3439 quantocius
879 3379 1030 3426 remeare
1056 3363 1203 3443 curavit,
1213 3381 1243 3428 rs

248 3461 418 3537 quatenus
438 3456 560 3521 inolita
579 3457 646 3522 sibi
667 3459 909 3525 sollicitudinis
929 3462 1112 3528 mundanae
1131 3464 1203 3548 spi·

286 3778 711 3853 18ΟΛιίπΧΧὶΝΙ]ἯιΑηοιι.
744 3786 804 3835 here
823 3787 845 3835 is
858 3788 934 3836 made
949 3787 1013 3837 from
1026 3792 1070 3839 the
1083 3792 1204 3857 electiou,

251 3853 264 3921 ᾖ
276 3857 318 3903 4ο,
744 3861 787 3905 not
798 3857 842 3906 the
855 3861 1066 3909 consecrationes
1076 3864 1114 3911 St.
1122 3863 1203 3913 Cuth-

283 3920 302 3951 ²¹
321 3917 521 3992 Drwbusunnis]
546 3920 602 3974 The
615 3925 712 3974 editors
743 3928 814 3986 bert;
832 3928 858 3975 in
866 3929 951 3978 which
961 3928 1022 3991 they
1030 3946 1073 3982 are
1081 3932 1204 3984 followed

249 3993 278 4042 oi
292 3993 334 4042 the
347 3991 415 4042 Acta
427 3994 577 4044 Sanctorum
595 3995 711 4044 satisfac·
743 3997 857 4060 by,Pagi
870 4000 922 4049 and
934 3999 1027 4049 Smitb.

250 4064 325 4125 torily
338 4064 410 4114 show
422 4064 480 4114 that
497 4065 541 4116 the
555 4065 711 4116 calculation
