2850 4890
266 359 330 424 276
640 373 855 421 arraunrx.

268 527 331 584 sine
353 526 472 585 crimine
493 546 572 594 esse,
598 535 631 585 ut
653 524 712 585 Dei
736 524 992 605 dispensatorem,'
1021 525 1108 602 [etc]
1153 522 1227 582 Ideo

266 631 394 691 namque
408 632 496 692 parus
510 611 566 671 suit
579 615 643 692 ejus
658 631 754 672 sermo
768 621 799 671 et
813 621 943 690 apertus,
958 610 1065 689 plenus
1076 610 1226 689 gravitatis

268 705 299 756 et
324 697 499 768 honestatis,
528 698 633 778 plenus
661 697 815 757 suavitatis
843 704 874 756 et
901 697 1012 774 gratiae,
1036 705 1170 755 tractans
1191 694 1227 754 de

267 783 427 842 ministerio
445 784 531 862 legis,
551 783 588 842 de
603 784 738 843 doctrina
751 781 833 853 fidei,
848 781 886 841 de
905 783 1013 841 virtute
1030 781 1226 849 continentia,

268 868 306 927 de
321 867 477 949 disciplina
488 870 622 949 justitiae.
666 870 914 948 Unumquemqne
929 867 1049 926 diversa
1067 867 1226 927 admoneus
1250 883 1263 925 5

269 954 484 1025 exhortatione,
504 954 665 1014 secundum
686 974 797 1014 morum
817 955 999 1034 qualitatem,
1021 952 1173 1022 videlicet,
1197 960 1228 1011 ut

269 1050 467 1120 praenosceret
486 1040 567 1119 qnid,
581 1041 641 1109 cui,
656 1040 786 1119 quando,
807 1038 956 1119 quomodo
976 1038 1129 1118 proferret.
1172 1037 1227 1096 Cui

269 1144 330 1205 prae
344 1126 449 1185 ceteris
463 1125 593 1205 speciale
607 1123 736 1186 officium
750 1135 822 1194 erat,
838 1133 870 1184 ut
877 1125 1000 1205 jejuniis
1011 1133 1041 1185 et
1051 1124 1230 1183 orationibus

271 1219 302 1271 et
330 1212 437 1290 vigiliis
465 1213 655 1281 incumberet,
683 1212 850 1291 Scripturas
879 1212 992 1289 legens.
1052 1209 1228 1269 Memoriam

271 1298 347 1356 enirn
376 1318 429 1378 pro
456 1297 537 1356 libris
565 1298 678 1368 habuit,
707 1317 878 1376 percurrens
907 1296 1058 1366 Oenones,
1093 1295 1228 1375 exempla
1237 1310 1261 1354 1⁰

271 1382 447 1443 Sanctorum
461 1384 590 1443 imitatus
604 1403 671 1442 cum
689 1382 840 1443 Fratribus
855 1402 958 1462 pacem
973 1381 1113 1462 impleus,
1127 1389 1228 1440 tenens

272 1489 390 1548 quoque
414 1468 606 1528 humilitatem
629 1477 660 1528 et
682 1469 762 1529 illam
784 1469 1044 1548 supereminentem
1066 1467 1228 1537 caritatem,

272 1555 334 1614 sine
349 1575 409 1633 qua
423 1555 517 1614 omnis
532 1556 624 1614 virtus
638 1555 707 1614 nihil
721 1564 778 1614 est.
820 1553 928 1613 Curam
940 1572 1102 1633 pauperum
1114 1572 1229 1630 gerens,

271 1641 433 1699 esurientes
446 1660 584 1721 pascens,
602 1640 698 1700 nudos
712 1639 852 1709 vestiens,
865 1640 1034 1719 peregrinos
1053 1639 1229 1718 suscipiens,

271 1727 408 1805 captivos
422 1726 578 1795 redimens,
591 1725 698 1785 viduas
713 1735 743 1785 et
756 1725 883 1805 pupillos
898 1733 995 1793 tuens,
1011 1731 1044 1782 ut
1062 1723 1229 1784 mercedem
1238 1739 1262 1782 15

271 1812 340 1871 vitae
361 1820 476 1872 aeternae
495 1813 569 1871 inter
582 1812 688 1871 choros
702 1811 870 1889 augelorum
891 1831 959 1870 cum
981 1810 1113 1869 Domino
1132 1817 1230 1870 nostro

270 1895 344 1955 Jesu
359 1896 479 1957 Christo
494 1899 630 1977 accipere
640 1906 794 1957 mereatur.

127 2017 136 2044 r
157 2016 170 2043 ι
206 2026 213 2034 -
313 1987 391 2055 §31.
416 1982 452 2041 In
472 1985 642 2064 episcopatu
663 1984 751 2062 igitur
771 1990 892 2043 sauctus
914 1978 1097 2039 Cuthbertus
1116 1979 1229 2059 pollens

109 2069 140 2147 „²¹
187 2067 208 2094 ‘¹'
271 2068 621 2147 virtutibus,dignitatem
637 2069 744 2147 gradus
759 2067 1007 2127 etauctoritatem
1019 2064 1167 2125 Dominus
1182 2085 1231 2145 per

99 2776 164 2817 cures
174 2775 209 2812 the

96 2828 145 2866 wite
156 2822 237 2864 otEarl

97 2877 195 2918 Heunnu.

272 2172 339 2212 eum
354 2154 382 2211 in
398 2155 488 2232 signis
504 2163 533 2214 et
547 2153 688 2234 prodigiis
708 2153 837 2233 perfecte
851 2152 995 2232 pleneque
1011 2151 1152 2229 augebat,
1165 2151 1231 2231 quia
1238 2167 1263 2212 2⁰

272 2238 353 2319 quod
382 2240 420 2299 de
454 2240 611 2319 Apostolis
641 2240 777 2318 legimus,
802 2238 1055 2317 ‘Quemcumque
1086 2236 1230 2296 solveritis

273 2345 363 2404 super
381 2326 508 2396 terram,'
527 2334 556 2384 et
575 2326 697 2404 reliqua,
716 2323 904 2405 spiritualiter
923 2331 953 2382 et
968 2322 1126 2382 carnaliter
1146 2323 1176 2381 in
1197 2343 1231 2381 eo

272 2411 458 2491 implebatur,
473 2413 550 2472 sicut
565 2412 728 2490 presbyteri
745 2420 775 2470 et
793 2410 910 2468 diaconi
924 2410 1000 2487 ejus,
1012 2409 1063 2506 qul
1074 2417 1234 2489 praesentes

272 2504 365 2565 er‚ant
382 2497 582 2557 iudicaverunt
598 2498 693 2556 nobis.
738 2497 865 2555 Flebant
886 2495 972 2564 enim,
995 2504 1028 2553 ut
1048 2493 1077 2552 in
1101 2494 1231 2553 Actibus

272 2583 487 2662 Apostolorum
520 2583 631 2642 dictum
661 2590 717 2653 est,
747 2583 831 2661 signa
860 2589 889 2639 et
916 2579 1051 2660 prodigia
1076 2579 1202 2639 multa
1205 2581 1265 2639 iun

293 2668 369 2728 lebe.

273 2688 292 2748 p
317 2759 393 2828 §32
417 2752 464 2812 Ex
484 2755 592 2833 quibus
606 2764 663 2823 est,
678 2751 758 2834 quod
776 2751 930 2831 cujusdam
951 2749 1068 2810 comitis
1088 2749 1233 2820 Aldsridi,

275 2840 391 2898 nomine
406 2837 551 2910 Heunna,
565 2839 592 2897 iu
613 2841 731 2918 regione
746 2858 812 2917 quae
826 2837 933 2897 dicitur
947 2835 1070 2895 Henitis
1084 2837 1232 2904 habitans

276 2946 350 2984 uxor
379 2926 442 3004 ejus
464 2945 539 3004 pene
565 2946 658 3004 usque
683 2925 722 2984 ad
747 2930 868 2983 mortem
893 2920 1068 2981 infirmitatis
1092 2923 1232 3000 languore

275 3010 469 3071 detinebatur.
511 3011 647 3088 Pergens
659 3031 728 3070 vero
743 3016 862 3069 sanctus
874 3009 1032 3088 episcopus
1045 3015 1147 3067 noster
1163 3030 1233 3088 prae·
1243 3021 1268 3066 tt

276 3096 379 3156 dicans
403 3098 523 3156 verbum
554 3097 613 3156 Dei
642 3097 668 3154 in
699 3095 819 3176 populo,
848 3095 979 3174 pervenit
1003 3092 1042 3152 ad
1071 3094 1235 3174 supradicti

276 3182 390 3242 comitis
420 3182 528 3241 vicum.
579 3182 636 3241 Ille
669 3191 767 3241 autem
796 3181 894 3239 statim
926 3180 955 3238 in
984 3179 1102 3239 obviam
1132 3181 1234 3239 exieus

275 3269 428 3348 episcopo,
458 3276 487 3326 et
516 3269 624 3345 gratias
653 3288 744 3345 agens
771 3264 900 3325 Domino
924 3285 977 3346 pro
1002 3265 1132 3325 adventu
1158 3268 1233 3345 ejus,

277 3354 440 3432 suscipiens
462 3353 588 3432 benigne
612 3353 787 3412 ministravit
805 3353 859 3422 eis,
877 3359 906 3410 et
923 3350 1028 3410 lavatis
1049 3352 1185 3412 manibus
1206 3361 1235 3410 et

277 3438 413 3518 pedibus,
438 3458 509 3507 rem,
539 3447 572 3498 ut
600 3449 662 3498 erat
686 3438 860 3498 miserabilis
885 3446 916 3496 et
938 3436 1130 3496 lacrimabilis
1158 3437 1271 3496 omnim

275 3523 404 3593 familiae,
419 3524 475 3582 hoc
490 3533 546 3594 est,
562 3525 660 3583 uxoris
676 3525 756 3584 velut
769 3535 892 3583 mortuae
903 3523 992 3581 vitam
1007 3520 1235 3601 desperabilem,

277 3610 419 3689 episcopo
448 3620 551 3670 sancto
580 3611 736 3678 revelavit;
758 3609 993 3668 benedictionem
1019 3628 1104 3687 aquae
1134 3609 1171 3666 ab
1200 3606 1236 3668 eo

278 3696 391 3775 petivit,
407 3696 530 3755 credens
547 3696 628 3776 quod
645 3697 668 3755 si
687 3696 778 3755 obitui
800 3694 921 3754 addicta
941 3703 1021 3753 esset
1036 3693 1154 3752 facilius
1176 3715 1236 3753 rno-

278 3791 399 3851 reretur,
414 3792 464 3842 aut
483 3784 507 3840 si
527 3783 588 3841 vita
607 3782 722 3841 reddita
737 3782 823 3841 citius
839 3789 999 3840 sanaretur.
1043 3780 1099 3838 Ille
1117 3788 1236 3840 sanctus

314 4063 331 4092 ²¹
352 4061 485 4133 Legimus]
510 4067 723 4114 lllatt.xvili.18
754 4062 758 4178 p
807 4061 825 4092 ²⁷
843 4058 1001 4129 Exquu'brmd
990 4058 1074 4129 ]Vit.
1086 4064 1161 4112 Pros.
1171 4064 1236 4124 Cap.

315 4132 334 4161 ²⁵
351 4131 471 4203 Dictum]
489 4137 547 4186 Act
560 4153 582 4184 v
595 4140 634 4183 12.
774 4148 852 4183 xxix.
