2850 4890
205 349 249 411 78
493 363 584 408 vrrs
602 362 630 408 s.
648 362 882 422 cunnnncrr,

207 520 328 603 spiritu
343 520 424 602 quia
439 538 508 582 non
522 517 693 582 communi
704 518 911 594 infirmitate,
923 517 984 580 sed
1000 515 1166 580 daemonis

205 621 426 685 infestatione
441 627 650 702 premeretur
666 619 803 703 conjux,
822 638 885 701 pro
904 638 974 701 qua
992 617 1167 699 supplica-

204 725 275 786 bat.
319 722 564 803 Reversusque
586 721 629 784 ad
650 740 738 797 eum,
758 718 886 797 ‘Non‚’
899 718 1021 802 inquit,
1036 723 1046 752 ‘
1062 717 1166 781 alium

206 823 352 898 mittere,
368 823 429 887 sed
444 823 518 906 ipse
530 823 575 886 ad
587 822 796 887 visitandam
812 840 886 885 eam
899 828 1012 884 tecum
1026 837 1167 900 pergere

206 925 338 988 debeo’
1195 939 1210 981 s

251 1027 335 1109 524.
359 1027 514 1111 Cumque
535 1034 675 1109 agerent
693 1027 768 1101 iter,
786 1025 893 1106 coepit
911 1024 992 1086 llere
1011 1021 1113 1085 homo
1133 1027 1169 1084 et

207 1128 357 1192 dolorem
378 1129 490 1192 cordis
510 1128 757 1211 profluentibus
771 1127 807 1188 in
826 1124 1004 1189 maxillam
1018 1121 1168 1186 lacrimis

206 1229 367 1311 prodere;
390 1231 533 1294 timebat
553 1231 652 1306 enim,
670 1249 713 1292 ne
730 1248 806 1292 cum
827 1245 904 1290 eam
922 1219 1166 1289 daemoniosam

206 1330 384 1411 inveniret,
414 1331 572 1395 arbitrari
607 1330 784 1411 inciperet,
813 1327 897 1409 quia
929 1344 998 1389 non
1033 1326 1168 1406 integra

207 1431 356 1496 Domino
370 1433 429 1496 sed
446 1433 527 1496 ficta
541 1432 607 1496 fide
622 1432 795 1495 servisset.
834 1427 945 1504 Quem
959 1427 1012 1489 vir
1026 1425 1167 1489 Domini
1179 1443 1211 1487 1o

206 1532 331 1597 blande
352 1534 563 1610 consolatus,
583 1531 713 1608 ‘Noli'
731 1530 855 1612 inquit,
878 1529 1048 1611 ‘plorare
1065 1526 1167 1609 quasi

205 1634 404 1698 inventurus
425 1636 490 1698 sim
509 1636 688 1718 conjugem
708 1640 803 1697 tuam
818 1631 955 1714 qualem
969 1649 1038 1693 non
1052 1629 1167 1694 velim.

206 1734 287 1797 Scio
310 1735 401 1797 enim
428 1736 514 1817 ipse,
544 1736 702 1818 quamvis
727 1742 762 1798 te
784 1735 896 1798 dicere
919 1732 1058 1814 pudeat,
1084 1729 1167 1811 quia

207 1836 375 1898 daemonio
391 1844 558 1917 vexatur;
582 1839 655 1901 scio
670 1838 775 1902 etiam
791 1837 874 1919 qnia
888 1835 1088 1917 priusquam
1106 1830 1168 1894 illo

205 1938 470 2018 pervenerimus,
507 1939 627 2021 fugato
663 1939 844 2015 daemonio,
878 1936 1089 2011 liberabitur,
1125 1951 1210 1997 acm

205 2038 305 2100 nobis
336 2038 599 2104 advenientibus
627 2059 704 2104 cum
733 2040 858 2121 gaudio
888 2055 1078 2112 occurrens
1103 2034 1167 2098 bas

204 2139 284 2220 ipsa
298 2138 452 2204 habenas
467 2143 653 2207 sanissima
666 2149 779 2205 mente
795 2141 954 2222 excipiet,
968 2156 1102 2221 nosque
1115 2136 1168 2200 in-

204 2246 295 2304 trare
314 2240 416 2304 citius
437 2243 633 2320 obsecrans,
653 2242 891 2319 ministerium,
908 2239 1000 2322 quod
1022 2256 1166 2301 consue·

205 2350 315 2418 verat,
343 2344 444 2406 nobis
472 2344 591 2408 sedulo
619 2344 812 2426 impendet3
844 2361 955 2424 neque
984 2341 1074 2402 enim
1102 2338 1166 2402 tali

204 2449 373 2506 tormento
398 2445 464 2507 soli
492 2445 721 2528 subjiciuntur
744 2445 837 2521 mali,
858 2444 919 2507 sed
941 2441 1078 2506 occulto
1099 2439 1167 2504 Dei
1176 2458 1209 2502 so

199 2544 330 2627 judicio
351 2545 534 2628 aliquoties
555 2548 659 2610 etiam
677 2547 877 2609 innocentes
896 2544 932 2606 in
952 2542 1016 2606 boc
1037 2541 1166 2618 seculo,

204 2665 274 2708 non
297 2653 432 2711 tantum
456 2667 595 2729 corpore
622 2648 684 2711 sed
710 2655 745 2711 et
767 2655 880 2711 mente
900 2646 1122 2728 captivantur
1143 2662 1166 2706 a

205 2747 375 2813 Diabolo.'
419 2749 578 2831 Dumque
606 2748 681 2812 haec
711 2755 747 2812 et
773 2746 968 2831 hujusmodi
996 2746 1102 2811 verba
1129 2745 1165 2806 in

205 2850 475 2914 consolationem
501 2858 605 2933 atque
626 2850 851 2914 eruditionem
871 2849 962 2911 illius
984 2854 1166 2930 perorante

206 2949 409 3028 Cudbercto,
433 2953 746 3034 adpropinquarent
768 2951 894 3028 domui,
914 2950 1002 3032 fugit
1024 2955 1208 3030 repentens

205 3052 347 3133 spiritus
373 3072 531 3135 nequam,
556 3053 741 3118 adventum
769 3053 918 3134 Spiritus
941 3050 1071 3128 Sancti,
1095 3068 1165 3131 quo

205 3152 327 3233 plenus
347 3161 421 3217 erat
441 3155 493 3216 vir
512 3153 590 3232 Dei,
609 3154 695 3218 ferre
716 3174 785 3217 non
804 3154 935 3217 valens.
981 3151 1089 3234 Cujus
1108 3170 1165 3215 so·

204 3253 279 3315 luta
298 3254 444 3318 vinculis
464 3254 595 3333 mulier,
620 3257 721 3337 qnasi
745 3256 839 3338 gravi
859 3251 1100 3337 expergefacta
1122 3250 1165 3314 de

205 3372 335 3430 somno,
365 3357 512 3420 surrexit
545 3357 720 3434 continuo,
748 3375 789 3420 ac
819 3356 892 3419 viro
920 3355 987 3418 Dei
1015 3352 1165 3435 gratula-

205 3454 321 3518 bunda
358 3475 551 3534 occurrens
581 3458 785 3540 jumentum,
816 3477 884 3541 quo
918 3457 1072 3532 sedebat,
1103 3472 1208 3538 perso
1261 3474 1263 3480 ·

202 3554 334 3619 frenum
346 3558 475 3636 tennit;
497 3578 646 3641 moxque
661 3560 704 3622 ad
718 3560 884 3641 integrum
896 3565 1036 3640 recepto
1048 3558 1165 3638 vigore

204 3657 328 3720 mentis
343 3664 379 3719 et
397 3660 559 3740 corporis,
574 3679 650 3723 eum
672 3661 741 3723 cito
760 3659 977 3737 descendere,
998 3666 1101 3740 atque
1120 3658 1165 3721 ad

205 3757 472 3821 benedicendam
500 3761 637 3825 domum
665 3781 762 3826 suam
792 3763 997 3844 precabatur
1024 3760 1164 3842 ingredi,

204 3859 431 3940 devotumque
459 3860 510 3922 illi
533 3863 757 3925 ministerium
782 3864 940 3944 praebens
971 3862 1165 3925 testabatur

204 3959 319 4039 palam
334 3962 504 4042 quomodo
525 3963 568 4025 ad
588 3964 733 4046 primum
747 3962 834 4026 freni
855 3971 996 4040 tactum,
1011 3963 1103 4026 omni
1124 3981 1205 4026 sess

203 4059 364 4123 molestia
377 4061 500 4142 priscae
515 4063 713 4127 vexationis
729 4065 923 4128 absolutam
938 4065 1113 4129 sensisset.
