2850 4890
281 397 380 445 nrsr.
398 396 713 446 rnnusnnrronrs
731 397 760 445 s.
778 398 1010 446 curunnnrr.
1060 381 1124 446 291

170 542 332 610 venientes,
355 560 460 599 navem
484 539 598 599 medias
617 561 692 620 pene
715 561 810 619 usque
837 541 955 600 tabulas
983 542 1122 621 implere·
1139 548 1172 596 A.
1182 548 1215 596 D.
1228 549 1285 594 8⁷5.

171 635 247 696 runt,
272 633 361 705 atque
387 626 506 685 terribili
533 627 684 696 miraculo,
713 637 840 706 postque
869 628 991 706 AEgypti
1018 628 1123 707 plagas

171 710 314 781 inaudito,
338 711 471 790 protinus
498 712 528 769 in
554 713 725 790 sangninem
750 714 1003 772 convertebantur.
1054 713 1124 778 Qua

171 804 346 876 tempestate
367 795 438 855 dum
457 798 541 855 navis
561 806 720 856 verteretur
737 798 766 856 in
786 799 888 868 latera,
903 796 1015 856 cadens
1030 816 1068 855 ex
1088 818 1124 855 ea

142 892 271 942 atextus
305 882 535 959 Evangeliorum
570 903 641 942 auro
677 883 858 962 gemmisque
885 891 1067 962 perornatus,
1095 883 1123 941 in
1139 897 1297 950 rcopyorne

172 969 261 1027 maris
273 968 420 1027 ferebatur
432 966 589 1046 profunda.
634 968 715 1046 Ergo
726 979 880 1047 postquam
893 988 981 1027 sensu
994 969 1125 1046 aliquan·
1142 951 1231 1002 ⁰⁰³W¹⁸
1239 952 1287 998 ¹⁰⁸¹'

172 1053 266 1111 tulurn
284 1061 405 1131 recepto
425 1054 600 1132 semetipsos
613 1055 664 1132 qui
677 1054 727 1112 vel
742 1055 791 1113 ubi
805 1066 905 1113 essent
925 1052 1125 1123 recordantur,

172 1159 270 1216 genua
291 1138 423 1208 flectunt,
437 1140 613 1217 veniamque
635 1139 717 1197 stulti
740 1158 842 1209 ansus,
859 1148 923 1198 toto
946 1158 1067 1218 corpore
1087 1137 1126 1196 ad

173 1223 267 1302 pedes
288 1225 383 1283 sancti
404 1214 535 1303 corporis
554 1225 703 1302 prostrati,
719 1234 831 1302 petunt.
876 1221 1006 1304 Arrepto
1027 1225 1126 1302 itaque

130 1323 161 1367 ιο
173 1309 384 1387 gubernaculo,
399 1329 504 1367 navem
525 1308 564 1367 ad
583 1310 664 1368 littus
679 1319 708 1369 et
726 1310 765 1368 ad
780 1311 879 1370 socios
898 1318 1076 1389 retorquent,
1098 1316 1129 1367 et

174 1394 314 1452 continno
329 1392 467 1453 flantibus
482 1414 501 1453 a
513 1402 595 1471 tergo
609 1395 717 1464 ventis,
728 1395 798 1454 illuc
813 1397 875 1453 sine
890 1394 989 1474 aliqua
1002 1393 1127 1453 difficul-

173 1487 234 1538 tate
248 1480 429 1558 perveniunt.
473 1479 558 1538 Tunc
572 1481 622 1558 qui
638 1481 717 1559 prius
731 1479 873 1541 fleverant
888 1479 1028 1549 dolendo,
1042 1499 1127 1539 versa

173 1565 240 1624 vice
264 1565 332 1643 plus
354 1567 420 1644 jam
448 1563 557 1623 flebant
581 1565 755 1642 gaudend03
785 1566 943 1646 episcopus
966 1584 1035 1623 vero
1060 1582 1127 1622 cnm

175 1649 265 1708 sociis
288 1651 349 1708 suis
370 1648 483 1728 pudore
503 1650 590 1708 simul
610 1658 640 1708 et
657 1650 759 1710 dolore
776 1671 831 1711 non
851 1651 946 1709 minus
961 1650 1128 1719 lacrimans,

131 1742 237 1794 latete
266 1754 388 1814 corpore
414 1736 443 1792 in
471 1744 579 1794 terram
614 1736 813 1815 prosternitur,
843 1737 957 1815 sibique
984 1735 1129 1813 indulgeri

171 1820 308 1879 obnixius
322 1827 466 1898 precatur.

217 1911 230 1979 ξ
244 1910 274 1964 8.
297 1904 416 1963 interea
430 1905 559 1984 populus
573 1904 663 1984 longo
677 1925 729 1985 per
743 1926 883 1965 annorum
901 1906 1003 1986 spacia
1016 1903 1128 1975 labore,

174 1989 261 2050 lauris
271 1991 449 2049 necessitate
460 1999 688 2070 cunctarumque
698 2011 792 2050 rerum
804 1999 935 2070 egestate
947 1991 1129 2070 compulsus,

176 2096 194 2135 a
208 2077 347 2135 comitatu
363 2076 459 2134 sancti
472 2077 603 2156 corporis
614 2076 761 2146 dilabitur,
773 2085 803 2135 et
812 2098 864 2156 per
876 2077 944 2136 loce
956 2076 1131 2149 inhabitata,

133 2176 164 2220 2⁰
176 2171 209 2220 ut
229 2162 481 2240 qualitercumque
501 2163 589 2220 vitam
612 2169 820 2232 sustentarent,
838 2162 1022 2242 dispergitur.
1068 2161 1131 2219 Ex-

177 2248 272 2325 ceptis
305 2247 382 2305 enim
415 2247 556 2326 episcopo
582 2256 612 2305 et
639 2248 748 2307 abbate
777 2267 844 2305 cum
876 2248 937 2306 suis
971 2245 1130 2305 admodum

178 2333 293 2410 paucis,
310 2351 411 2391 omnes
426 2331 637 2402 discesserunt,
655 2342 762 2412 praeter
775 2333 842 2391 illos
862 2341 985 2413 septem,
1000 2332 1052 2410 qui
1066 2333 1131 2409 ejus

177 2417 321 2496 obsequio
346 2417 478 2495 corporis
501 2416 683 2488 familiarius,
709 2426 742 2476 ut
763 2417 875 2475 dietum
900 2428 957 2486 est,
983 2416 1132 2474 adbaerere

177 2522 293 2581 semper
308 2511 532 2563 consueverunt.
578 2502 624 2561 Hi
641 2503 773 2562 nimirum
789 2501 906 2561 luerunt
920 2502 962 2560 illi
983 2500 1044 2579 qni,
1058 2499 1132 2558 deli·

133 2603 165 2647 25
176 2588 322 2646 cientibus
340 2587 502 2658 monacbis,
521 2588 620 2646 nutriti
636 2589 674 2646 ab
693 2589 735 2647 eis
751 2597 780 2647 et
802 2587 932 2658 educati,
949 2595 982 2645 ut
1000 2585 1132 2664 superius

178 2673 318 2743 diximus,
333 2672 373 2731 de
386 2671 482 2731 insula
495 2672 726 2733 Lindisfarnensi
739 2672 936 2732 venerandum
952 2672 1046 2731 sancti
1064 2689 1134 2728 con-

178 2758 301 2822 fessoris
329 2777 437 2836 corpus
467 2766 535 2817 sunt
560 2760 665 2829 secuti,
698 2777 848 2836 nunquam
873 2756 948 2816 illud
979 2775 1133 2834 quousque

179 2845 310 2902 viverent
335 2843 471 2902 relicturi.
530 2844 665 2909 Quorum
680 2852 835 2923 ¹quatuor,
871 2842 921 2922 qui
955 2842 1047 2901 tribus
1068 2840 1134 2899 aliis

180 2930 308 3006 majores
333 2949 400 2988 esse
421 2927 606 2998 videbantur,
626 2931 690 2988 haec
707 2928 825 2988 fuerunt
842 2928 971 2998 nomina,
992 2924 1134 2994 Hnnred,

137 3013 324 3083 soStitbard,
349 3013 501 3084 Edmund,
527 3014 651 3085 Franco,
676 3015 714 3073 de
738 3033 862 3093 quorum
887 3012 976 3091 stirpe
1000 3010 1086 3071 multi
1105 3010 1135 3068 in

180 3098 491 3178 Northanymbrorum
515 3100 668 3178 provincia
688 3108 749 3158 tam
775 3098 873 3158 elerici
897 3100 986 3178 qnam
1009 3096 1077 3154 laici
1102 3116 1136 3154 se

181 3184 374 3244 descendisse
395 3192 478 3243 tanto
500 3186 594 3263 magis
613 3185 782 3263 gloriantur,
801 3194 912 3263 quanto
936 3183 1136 3262 progenitores

182 3271 227 3329 sui
241 3277 346 3329 sancto
361 3269 525 3329 cuthberto
539 3269 656 3330 fidelius
669 3269 835 3329 deservisse
852 3277 1013 3328 narrantur.
1059 3266 1136 3326 Cum

182 3375 264 3431 ergo,
292 3355 409 3414 cuncus
436 3354 668 3424 discedentibus,
701 3355 757 3415 soli
785 3374 854 3413 cum
883 3362 965 3413 tanto
997 3353 1137 3412 thesauro

139 3458 170 3502 35
182 3440 277 3499 relicti
295 3450 405 3510 essent,
420 3440 552 3500 adversis
572 3441 682 3519 undiqu
719 3439 816 3508 rebus,
832 3440 976 3498 maximas
991 3438 1136 3497 sustinue-

182 3534 250 3584 runt
266 3527 430 3603 angustias,
444 3547 500 3585 nec
515 3534 611 3585 tamen
629 3460 701 3605 quel
709 3525 832 3585 consilio
850 3525 1019 3593 evaderent,
1039 3543 1136 3602 quove

183 3610 291 3670 solatio
315 3612 500 3689 respirarent,
525 3612 694 3689 excogitare
720 3618 886 3690 potuerunt.
938 3608 1068 3678 ‘Quid'
1095 3608 1138 3667 in-

184 3696 298 3774 quiunt,
323 3694 452 3755 ‘facturi
476 3697 596 3754 snmusl
641 3697 713 3762 Quo
736 3696 827 3774 patris
849 3695 989 3775 reliquias
1012 3693 1138 3752 ferentes

184 3779 311 3839 ibimusl
356 3779 506 3838 Barbaros
531 3779 679 3858 fugientes
705 3801 758 3859 per
785 3789 898 3859 septem
928 3798 1021 3837 annos
1045 3786 1138 3836 totam

139 3881 173 3926 4ο
184 3865 364 3944 provinciam
387 3864 585 3935 lustravimus,
607 3867 730 3946 jamque
758 3865 855 3924 nullus
884 3865 913 3922 in
938 3863 1033 3943 patria
1061 3861 1139 3938 fugae

185 3957 321 4029 superest
339 3949 433 4009 locus.
478 3948 531 4009 Ne
555 3970 624 4010 vero
642 3951 859 4030 peregrinantes
881 3948 990 4007 alicubi
1010 3947 1139 4024 requiem

185 4054 364 4114 quaeramus,
379 4033 534 4094 manifesta
548 4034 657 4114 flagelli
671 4034 863 4113 castigatione
878 4032 1013 4111 prohibiti
1027 4050 1139 4090 sumus.

186 4118 282 4199 Super
308 4121 374 4180 baec
408 4120 507 4180 omnia
541 4120 636 4183 fames
666 4115 729 4180 dira
759 4118 932 4178 incumbens
964 4135 1141 4197 quacunque
