2850 4890
255 337 299 401 56
537 355 629 402 vrrs
647 354 677 402 s,
696 353 929 412 ounauncrr,

86 529 163 583 sn.
174 535 233 581 osi.
255 514 414 596 perennis
429 512 609 578 confestim
625 513 701 576 Deo
714 512 848 588 laudes,
863 510 1113 592 gratiarumque
1128 505 1214 570 refe-

257 634 335 678 rens
354 617 519 692 actiones,
539 615 599 678 sed
619 623 654 678 et
673 614 786 678 socios
806 613 849 676 ad
869 610 1077 674 laudandum
1093 608 1214 671 Domi-

258 736 339 779 num
376 715 528 780 fraterna
563 716 800 780 exhortatione
835 730 1036 795 provocans,
1096 708 1215 772 ‘Heu

257 815 393 893 miseri,’
416 817 538 899 inquit,
557 817 641 898 ‘qui
662 834 781 879 somno
801 822 836 878 et
855 814 987 876 inertiae
1008 811 1125 884 dediti,
1144 829 1214 872 non

257 936 423 980 meremur
447 937 581 1000 semper
601 916 817 998 vigilantium
841 915 1069 976 ministrorum
1092 910 1219 974 Christi
1243 929 1258 972 c

258 1037 394 1082 cernere
409 1019 530 1100 lucem.
574 1018 638 1094 En,
653 1019 728 1100 ipse
748 1036 825 1079 cum
843 1014 979 1078 modico
1000 1012 1110 1075 noctis
1130 1019 1215 1074 tem-

259 1136 342 1199 pore
353 1120 497 1201 pervigil
509 1138 650 1195 orarem,
661 1125 760 1182 tanta
772 1117 839 1181 Dei
850 1114 1024 1196 magnalia
1040 1112 1216 1195 conspexi.

258 1217 390 1300 Aperta
410 1227 463 1282 est
476 1220 586 1302 janua
606 1219 697 1294 coeli,
717 1227 752 1283 et
774 1220 934 1282 inductus
959 1217 1039 1279 illuc
1062 1213 1217 1294 angelico

212 1402 214 1405 Ι
259 1321 425 1383 comitatu
441 1320 583 1402 spiritus
598 1319 777 1402 cujusdam
792 1319 915 1394 sancti,
934 1317 993 1400 qui
1010 1334 1100 1378 nunc
1117 1314 1216 1377 nobis

258 1419 294 1480 in
312 1419 429 1484 infima
450 1421 595 1500 caligine
609 1422 836 1496 versantibus
850 1439 1008 1500 supernae
1025 1414 1216 1479 mansionis
1229 1433 1260 1477 ιο

260 1521 399 1601 gloriam
416 1541 457 1585 ac
472 1521 601 1602 Regem
621 1522 714 1584 illius
728 1520 899 1586 Christum
914 1526 1078 1601 perpetuo
1093 1518 1216 1580 beatus

258 1622 418 1685 intuetur.
461 1623 507 1685 Et
529 1622 665 1705 quidem
692 1621 782 1684 hunc
801 1622 855 1684 vel
876 1621 1075 1702 episcopum
1100 1637 1220 1699 quem-

259 1724 343 1786 libet
366 1729 535 1797 sanctum,
561 1723 616 1785 vel
643 1723 805 1784 eximium
830 1721 872 1783 de
898 1720 1048 1783 fidelium
1075 1737 1218 1780 numero

260 1823 370 1885 virum
385 1823 491 1885 suisse
507 1824 678 1900 existimo,
691 1843 792 1905 quem
807 1829 913 1886 tantae
928 1821 1108 1902 splendore
1120 1819 1218 1894 lucis,

262 1931 315 1987 tot
344 1924 539 1986 ducentium
569 1924 679 1988 choris
711 1924 907 2004 angelorum
936 1923 1045 1998 coelis,
1075 1921 1217 1983 allatum
1230 1937 1260 1982 15

261 2023 353 2090 ridi?
397 2024 486 2088 Haec
513 2024 631 2087 dicens
661 2026 714 2090 vir
739 2024 879 2087 Domini
908 2022 1122 2086 Cudberctus
1149 2040 1219 2083 non

261 2144 382 2206 parum
410 2127 513 2189 corda
546 2134 722 2208 pastorum
756 2125 799 2188 ad
835 2124 1059 2187 reverentiam
1092 2122 1218 2185 divinae

262 2226 470 2288 laudationis
503 2226 671 2290 accendit.
716 2225 948 2306 Agnovitque,
983 2243 1083 2287 mane
1116 2223 1220 2299 i'acto,

263 2325 452 2390 antistitem
462 2324 752 2390 Lindisfarnensis
764 2326 920 2389 ecclesiae
932 2323 1116 2400 Aidanum,
1127 2343 1222 2405 mag-

262 2445 316 2489 nae
347 2427 465 2508 utique
492 2428 630 2490 virtutis
658 2427 780 2503 virum,
804 2444 864 2507 per
890 2426 924 2488 id
955 2425 1128 2506 temporis,
1153 2442 1265 2505 quone

262 2526 396 2591 viderat
409 2533 545 2607 raptum
560 2527 602 2590 de
617 2545 767 2610 corpore,
783 2525 941 2591 coelestia
959 2545 1064 2606 regna
1081 2524 1223 2607 petisse,

263 2627 438 2695 aestatim
454 2628 695 2690 commendans
711 2627 785 2690 suis
800 2645 936 2709 pecora,
952 2647 1029 2708 quae
1044 2627 1224 2708 pascebat,

263 2728 420 2805 dominis,
433 2729 677 2792 monasterium
692 2736 807 2808 petere
821 2727 981 2790 decrevit.

299 3032 319 3062 ¹⁸
334 3030 505 3102 Mutuscae]
531 3035 586 3083 The
599 3037 727 3084 narrative
797 3033 816 3063 ¹⁹
834 3030 973 3103 diducam]
983 3034 1223 3098 ActaSS.3lAug.

263 3104 292 3151 of
306 3104 349 3152 the
362 3119 519 3165 anonymous
531 3106 618 3153 writer
630 3107 652 3152 is
666 3106 726 3153 here
795 3103 815 3132 ²²
832 3105 943 3167 Statim]
973 3107 1001 3154 If
1010 3107 1060 3154 this
1073 3109 1223 3168 expression

264 3173 339 3221 much
351 3188 419 3221 more
432 3178 538 3235 correct,
551 3175 689 3235 according
702 3179 727 3222 to
760 3175 782 3221 is
792 3176 950 3235 interpreted
959 3177 1082 3237 literally‚
1090 3178 1110 3224 it
1118 3178 1222 3226 follows

264 3242 349 3290 whom
359 3242 401 3291 the
412 3244 576 3304 intelligence
586 3245 615 3292 oi
621 3243 727 3292 Aidan's
760 3245 815 3292 that
835 3246 963 3294 Cuthbert
982 3248 1116 3295 embraced
1135 3263 1222 3296 mona-

264 3312 342 3360 death
367 3313 412 3360 did
436 3319 480 3361 not
503 3314 579 3362 reach
603 3315 729 3363 Cuthbert
760 3314 838 3362 chism
852 3316 876 3362 in
887 3329 913 3364 n.
923 3330 951 3364 n.
961 3320 1019 3378 651,
1030 3318 1055 3365 in
1065 3317 1150 3366 which
1159 3332 1223 3379 year

264 3383 330 3431 until
342 3382 349 3410 ‘
363 3388 421 3443 post
433 3397 529 3443 paucos
539 3384 615 3434 dies?
761 3384 847 3433 Aidan
860 3385 931 3434 died.
