2850 4890
309 369 409 417 uisu.
426 368 743 439 rnansusrronrs
760 367 790 417 s.
809 368 1044 416 curuuanm.
1090 352 1156 418 295

91 578 94 582 Δ
196 530 263 570 mea
290 511 419 570 ecclesia
452 513 656 582 servientibus,
686 520 834 592 perpetuae
862 514 1062 592 possessionis
1083 515 1153 592 jure
1171 528 1206 577 Α.
1216 527 1250 577 D.
1261 531 1318 576 883.

197 597 348 674 largiatur,
374 617 412 656 ex
430 618 491 677 qua
509 598 568 658 illis
592 619 628 657 ne
649 599 748 678 inopia
768 599 911 668 laborent,
934 600 1001 660 vitae
1022 600 1156 660 subsidia

198 691 399 763 procurentur.
441 684 579 763 Praecipe
597 684 639 742 illi
659 694 811 763 praeterea,
830 693 863 742 ut
883 685 1038 744 ecclesiam
1059 707 1154 745 meam

196 777 291 826 tutum
319 767 452 847 profugis
476 769 575 830 locum
599 768 702 847 refugii
729 770 899 839 constituat,
929 778 961 828 ut
984 773 1154 850 quicunque

167 853 332 933 squalibet
347 853 384 912 de
399 873 493 914 causa
506 855 545 913 ad
560 874 655 913 meum
670 875 777 935 corpus
794 855 966 932 confugerit,
982 877 1085 935 pacem
1103 878 1155 936 per

195 939 316 1016 triginta
329 946 360 998 et
373 948 485 1019 septem
498 939 573 1012 dies,
588 940 669 1000 nulla
687 960 816 1019 unquam
836 940 1047 1018 infringendam
1065 962 1155 1002 occa·
1255 960 1257 966 ’

198 1025 291 1094 sione,
307 1025 435 1085 habeat.'

240 1114 317 1182 §ln
343 1109 423 1169 Haec
447 1109 634 1188 perfidelem
655 1111 867 1170 internuncium
884 1111 1020 1170 abbatem
1042 1111 1171 1182 audita,¹

198 1204 260 1254 tam
280 1194 344 1274 ipse
365 1216 417 1254 rex
439 1195 587 1266 Guthred,
606 1217 695 1275 quam
714 1198 802 1255 etiam
824 1198 1052 1276 potentissimus,
1068 1200 1154 1276 cujus

156 1295 188 1339 10
200 1281 334 1359 superius
355 1281 462 1340 mentio
484 1279 566 1340 facta
587 1293 644 1352 est,
669 1281 820 1352 Etfredus,
841 1282 1020 1342 declaranda
1038 1283 1155 1361 populis

198 1366 397 1445 propalarunt,
425 1386 519 1445 eaque
546 1375 609 1426 toto
635 1387 692 1426 non
720 1367 816 1426 solum
844 1368 1023 1447 Anglorum,
1044 1368 1098 1427 sed
1127 1377 1158 1428 et

200 1450 364 1521 Dacorum,
379 1453 582 1512 consentiente
600 1472 636 1512 ae
650 1452 837 1513 collaudante
853 1454 995 1523 exercitu,
1009 1454 1037 1511 in
1053 1474 1157 1533 perpe·

199 1544 282 1595 tuum
296 1536 442 1596 servanda
457 1539 680 1599 constituerunt.
723 1538 787 1597 Eos
801 1545 910 1610 autem,
925 1541 975 1619 qui
992 1539 1156 1598 institutam

200 1623 238 1680 ab
252 1621 318 1700 ipso
332 1631 436 1682 sancto
450 1642 565 1702 pacem,
581 1624 791 1704 quoquomodo
804 1625 915 1684 irritare
929 1625 1156 1705 praesumserint,

156 1723 187 1767 15
200 1705 309 1767 damno
328 1709 461 1786 pecuniae
480 1709 667 1769 mulctandos
686 1718 874 1780 censuerunt,
888 1719 921 1769 ut
934 1711 1049 1769 scilicet
1063 1729 1157 1788 quan-

198 1800 260 1851 tum
270 1793 331 1870 regi
342 1792 520 1871 Anglorum,
531 1814 605 1875 pace
615 1795 708 1875 ipsius
718 1794 823 1865 fracta,
834 1795 972 1864 debeant,
984 1794 1157 1853 tantundem

198 1878 255 1956 ipsi
280 1887 383 1936 sancto
407 1879 518 1938 violata
544 1881 609 1957 ejus
634 1900 708 1960 pace
736 1880 915 1959 persolvant,
943 1880 1092 1950 videlicet,
1117 1879 1157 1939 ad

200 1964 295 2022 minus
309 1965 461 2041 octoginta
480 1972 511 2024 et
529 1964 658 2024 sedecim
677 1966 777 2024 libras.
818 1967 909 2026 Terra
923 1986 1052 2045 quoque,
1067 1985 1158 2044 quam

198 2057 390 2128 praeeperat,
408 2049 481 2108 inter
501 2060 664 2109 memorata
684 2051 745 2110 duo
766 2049 886 2110 flumina
904 2071 974 2110 mox
991 2053 1018 2110 ei
1034 2050 1156 2121 donata,

155 2150 189 2194 20
199 2135 346 2193 communi
366 2155 466 2213 regum
486 2136 721 2215 supradictorum
740 2145 770 2194 et
788 2137 878 2196 totius
892 2136 993 2215 populi
1013 2137 1157 2196 sententia

199 2218 351 2279 decretum
379 2229 438 2291 est,
465 2231 498 2280 ut
526 2222 694 2300 quicunque
722 2229 827 2281 sancto
856 2221 1019 2281 Cuthberto
1049 2231 1156 2280 terram

198 2303 361 2375 donaverit,
376 2305 424 2365 vel
443 2307 568 2386 pecunia
587 2308 680 2386 ipsius
697 2315 775 2365 emta
789 2306 887 2377 fuerit,
910 2327 996 2366 nemo
1014 2305 1156 2385 deinceps

198 2409 236 2449 ex
252 2411 288 2450 ea
300 2391 459 2469 cujuslibet
479 2393 588 2451 servitii
603 2402 655 2451 aut
668 2392 888 2451 consuetudinis
903 2392 959 2450 sihi
967 2392 1020 2469 jus
1036 2391 1156 2469 aliquod

199 2496 340 2556 usurpare
361 2475 480 2547 audeat,
502 2476 557 2536 sed
578 2477 643 2537 sola
659 2477 788 2537 ecclesia
806 2478 985 2537 inconcussa
1003 2477 1101 2555 quiete
1122 2497 1157 2535 ac

155 2577 188 2621 25
199 2560 334 2621 libertate
354 2582 422 2621 eum
435 2559 574 2622 omnibus
590 2562 861 2632 consuetudinibus,
877 2570 908 2621 et
925 2571 958 2621 ut
972 2562 1063 2639 vulgo
1082 2561 1157 2620 dici-

197 2654 254 2717 tur,
278 2667 346 2706 cum
374 2667 447 2707 saca
474 2655 505 2707 et
528 2669 621 2708 socna
643 2657 674 2708 et
697 2646 925 2726 infangentheof,
950 2646 1158 2727 perpetualiter

197 2732 361 2813 possideat.
404 2733 474 2793 Has
490 2733 572 2812 leges
590 2743 620 2793 et
639 2735 703 2794 haec
718 2742 829 2794 statuta
845 2734 1012 2813 quicunque
1026 2733 1159 2811 quolibet

199 2818 263 2876 nisu
298 2817 452 2896 infringere
487 2821 716 2898 praesumserint,
745 2840 797 2879 eos
829 2820 857 2877 iu
890 2826 1075 2898 perpetuum,
1103 2819 1158 2877 nisi

197 2903 426 2973 emendaverint,
450 2904 602 2964 Gehennae
622 2906 740 2983 ignibus
765 2904 940 2983 puniendos,
964 2904 1158 2962 anathemati-

156 2989 295 3050 aozaudo
315 2990 459 3048 sententia
472 2992 600 3049 omnium
620 2989 806 3050 contradidit.
849 2990 1009 3066 luterjecto
1028 2997 1157 3069 tempore

200 3074 362 3153 aliquanto,
371 3095 443 3152 gens
452 3074 829 3138 Scottorumiunnmerahili
839 3073 1156 3145 exereitucoadunato,

200 3161 275 3218 inter
294 3169 392 3219 cetera
411 3180 472 3219 suae
492 3162 674 3221 crudelitatis
692 3161 823 3222 facinora
842 3159 1079 3220 Lindisfarnense
1096 3181 1157 3218 mo·
1226 3221 1228 3226 ,
1280 3160 1283 3167 ’

200 3246 358 3304 nasterium
381 3247 505 3307 saeviens
527 3255 558 3307 et
577 3248 695 3326 rapiens
716 3247 843 3314 iuvasit;
867 3255 971 3306 contra
991 3267 1067 3325 quos
1086 3245 1156 3304 dum

200 3351 251 3389 rex
268 3330 440 3390 Guthredus
455 3352 506 3410 per
520 3340 654 3392 sanctum
669 3331 865 3391 cuthbertum
880 3331 1063 3391 confortatus
1082 3352 1157 3411 pug-

155 3424 319 3476 sanaturus
339 3423 441 3487 staret,
455 3417 552 3477 subito
571 3427 648 3477 terra
666 3417 822 3476 dehiscens
839 3418 941 3477 hostes
955 3417 1040 3477 vivos
1055 3438 1158 3477 omnes

235 3714 256 3746 ²⁶
274 3719 334 3766 Cum
348 3733 403 3766 saca
419 3723 444 3766 et
459 3733 529 3766 socna
545 3724 569 3767 et
583 3719 663 3779 irisan
697 3718 789 3779 Greal,
803 3720 851 3768 but
867 3719 900 3768 he
919 3720 991 3781 gives
1008 3734 1023 3769 a
1041 3719 1160 3769 different
1195 3706 1201 3716 ’

197 3783 331 3856 gestaret]
381 3787 424 3837 Aa
446 3789 611 3850 explanation
637 3790 667 3838 ot
697 3795 806 3839 account
822 3789 851 3838 ot
867 3791 900 3839 its
918 3790 1012 3839 results
1030 3787 1158 3854 (Scotich-

200 3859 274 3907 these
284 3863 361 3907 terras
374 3860 397 3908 is
411 3860 486 3921 given
497 3860 523 3906 in
532 3859 663 3910 Kemble's
698 3875 753 3921 ron,
763 3861 798 3910 iv.
810 3858 862 3924 17).
892 3860 947 3908 The
958 3860 1070 3908 abstract
1079 3861 1108 3909 of
1115 3859 1158 3908 the

201 3929 294 3978 Codex
310 3929 425 3991 Diplom.
442 3930 603 3991 Angla-San.
621 3931 665 3980 ln·
699 3930 813 3980 Durham
825 3930 960 3979 Chroniclc
973 3930 1048 3991 given
1060 3930 1094 3991 by
1110 3930 1158 3978 Le-

200 4000 269 4066 trcd.
281 4015 307 4060 p.
320 4001 374 4048 xlv.
699 4001 760 4050 land
778 3998 901 4066 (collect.
919 4001 937 4049 i.
953 3998 1014 4064 424)
1033 4001 1096 4049 hxes
1114 3999 1158 4049 the

236 4066 255 4097 ³¹
276 4071 342 4118 Gens
361 4065 517 4138 Scottorum]
551 4071 665 4119 Accord·
696 4071 779 4120 battle
799 4070 828 4120 of
846 4070 1052 4133 Mundingdene,
1069 4071 1159 4119 within

201 4140 246 4200 ing
266 4144 292 4188 to
313 4141 428 4202 Fordun,
448 4141 500 4190 this
518 4141 666 4202 expedition
699 4157 715 4191 a
737 4141 797 4190 mile
821 4145 848 4190 tc
872 4141 916 4190 the
939 4140 1016 4191 south
1043 4141 1072 4190 cf
1094 4141 1159 4192 Nor·

203 4211 266 4260 took
287 4212 361 4272 place
385 4212 467 4261 under
486 4212 603 4274 Gregory
621 4211 665 4260 the
699 4212 769 4262 ham.
