2850 4890
473 363 653 429 sacroue
671 382 759 429 sinn.
777 381 889 427 anun.

510 672 670 740 CAPUT
692 675 838 740 XVIII.

239 831 397 903 Quomodo
406 842 553 927 precibus
567 865 679 929 aquom
693 846 731 908 dc
744 846 839 908 arido
849 845 1050 931 produxerit,
1065 843 1113 906 vel

344 945 480 1029 qualiter
495 949 561 1033 ipse
575 949 608 1011 in
622 948 805 1012 anachoresi
814 948 997 1034 profecerit.

193 1142 280 1225 531.
302 1146 360 1210 Ar
376 1169 455 1213 vero
475 1151 553 1233 ipsa
572 1150 646 1234 ejus
665 1152 800 1216 mansio
815 1171 915 1235 aquae
932 1158 1005 1214 erat
1025 1149 1151 1230 indiga>
1171 1154 1313 1263 ffigflw·

164 1255 315 1329 sutpote
334 1250 369 1311 in
388 1251 570 1316 durissima
591 1262 625 1316 et
643 1271 749 1335 prope
770 1273 879 1316 saxea
894 1272 977 1334 rupe
1001 1250 1150 1315 condita.
1171 1274 1180 1310 r
1179 1284 1219 1310 .....
1221 1274 1303 1334 tritor·

191 1344 325 1413 Accitis
349 1370 427 1432 ergo
449 1354 502 1416 vir
524 1353 664 1417 Domini
688 1353 877 1432 Fratribus
896 1353 1042 1417 necdum
1060 1353 1149 1415 euim
1171 1324 1271 1422 llil?
1284 1325 1315 1363 ¹¹¹⁸

190 1469 230 1514 se
254 1452 298 1515 ab
322 1452 576 1519 advenientium
599 1454 786 1518 secluserat
809 1454 1019 1536 aspectibus
1043 1453 1152 1517 ‘Cer-

191 1551 296 1628 uitis:
314 1553 436 1635 inquit,
455 1556 561 1638 ‘quia
580 1555 685 1619 fontis
704 1557 804 1638 Inops
826 1555 872 1620 sit
892 1555 1026 1618 mansio
1046 1574 1150 1636 quam

191 1652 285 1732 adii;
312 1655 372 1718 sed
396 1675 565 1737 rogemus,
591 1657 745 1732 obsecro,
764 1657 871 1733 illurn,
897 1656 957 1738 qui
982 1657 1151 1720 convertit

146 1771 178 1816 10
189 1753 335 1819 solidam
364 1764 496 1840 petram
524 1759 560 1821 in
588 1766 747 1840 stagnum
779 1778 879 1841 aquae
913 1765 948 1821 et
982 1777 1084 1840 rupes
1113 1758 1149 1820 iu

188 1855 302 1920 fontes
318 1877 495 1940 aquarum,
506 1866 545 1923 ut
559 1879 628 1924 non
643 1860 753 1936 nobiS,
767 1860 828 1923 sed
843 1859 972 1922 nomini
986 1878 1049 1923 suo
1061 1857 1148 1921 dans

188 1957 342 2037 gloriam,
357 1958 399 2022 de
419 1959 483 2023 hac
502 1979 638 2042 quoque
658 1979 742 2042 rupe
763 1980 892 2024 saxosa
911 1960 1010 2023 nobis
1026 1980 1147 2023 venam

187 2057 293 2121 fontis
310 2060 439 2141 aperire
454 2060 621 2141 dignetur.
668 2059 853 2124 Fodiamus
870 2061 905 2123 in
918 2060 1029 2123 medio
1049 2067 1148 2141 tugu-

187 2159 336 2222 riunculi
348 2161 426 2237 mei,
441 2162 541 2225 credo
557 2169 706 2226 torrente
721 2162 909 2243 voluptatis
925 2181 998 2224 suae
1013 2162 1147 2242 potabit

147 2259 274 2325 rsnos.³
319 2260 488 2326 Fecerunt
507 2282 586 2344 ergo
608 2262 755 2341 foveam,
776 2283 882 2345 quam
901 2263 937 2325 in
960 2262 1146 2325 crastinum

186 2369 368 2425 emanante
391 2363 435 2426 ab
458 2363 603 2427 internis
625 2364 718 2428 unda
744 2363 910 2445 repletam
934 2363 1145 2428 invenerunt.

186 2460 287 2526 Unde
310 2462 449 2526 dubium
468 2483 537 2527 non
560 2473 646 2542 erat,
661 2465 750 2530 hauc
771 2467 981 2529 orationibus
998 2465 1062 2528 viri
1078 2464 1146 2528 Dei

185 2565 228 2628 de
255 2563 449 2628 aridissima
474 2585 515 2629 ac
542 2567 726 2630 durissima
755 2569 860 2650 prius<
880 2576 969 2631 terra
996 2566 1145 2629 elicitam

183 2665 292 2729 fuisse
310 2685 444 2748 aquam.
490 2666 578 2743 Quae
592 2667 752 2731 videlicet
772 2687 863 2750 aqua
882 2668 1003 2728 mirum
1022 2667 1059 2727 in
1075 2685 1146 2728 rno-

141 2766 266 2830 rodum
290 2769 408 2848 primis
433 2776 595 2832 contenta
619 2768 714 2850 ripis
741 2789 805 2832 neo
831 2768 925 2832 foras
950 2765 1144 2829 ebulliendo

182 2868 418 2949 pavimentum
428 2869 600 2946 invadere,
608 2889 673 2934 nec
682 2868 869 2934 hauriendo
881 2867 979 2932 novit
989 2866 1143 2943 deficere,

182 2967 234 3032 ita
254 2969 451 3033 moderante
471 2971 583 3051 gratia
602 2970 784 3052 largitoris
798 2977 837 3033 ut
857 2990 920 3034 nec
940 2967 1143 3032 necessitati

183 3069 385 3151 accipientis
405 3072 637 3153 superflueret,
653 3092 716 3135 nec
737 3071 972 3136 sustentandae
993 3069 1144 3134 necessi-

182 3169 248 3233 tati
263 3171 364 3252 copia
379 3170 522 3234 deesset.

138 3287 170 3332 as
227 3269 313 3351 §32
343 3270 453 3335 Facta
468 3291 557 3353 ergo,
567 3273 771 3356 juvantibus
788 3294 825 3338 se
842 3273 1033 3351 Fratribus,
1048 3293 1142 3336 man·
1162 3291 1314 3352 erraneam

181 3370 278 3433 sione
302 3391 343 3434 ac
367 3371 522 3436 domibus
542 3373 706 3455 praefatis,
728 3376 849 3456 incipit
868 3375 1022 3439 habitare
1046 3375 1141 3438 solus
1161 3350 1283 3385 “wem

180 3471 234 3534 vir
257 3471 398 3534 Domini
420 3472 644 3538 cudberctus.
689 3475 735 3540 Et
757 3477 1023 3560 primoquidem
1046 3476 1140 3541 veni·

181 3571 320 3635 entibus
351 3574 394 3636 ad
422 3594 460 3637 se
491 3575 667 3639 Fratribus
698 3575 740 3639 de
770 3597 834 3640 sua
864 3577 987 3640 cellula
1016 3578 1139 3658 egredi,

181 3673 301 3755 eisque
329 3672 522 3738 ministrare
551 3677 694 3740 solebat.
741 3676 895 3756 Quorum
924 3677 1004 3740 dum
1032 3677 1138 3759 pedes

137 3791 168 3835 eo
180 3792 271 3856 aqua
287 3772 401 3836 calida
415 3773 560 3838 devotus
575 3774 718 3857 lavaret,
730 3786 871 3842 coactus
887 3785 941 3840 est
956 3778 1138 3859 aliquoties

255 4085 262 4114 ¹
281 4088 375 4138 Carus
387 4089 507 4152 XVIII]
527 4093 580 4144 vit.
594 4092 678 4144 Anon.
690 4092 703 4160 ξ
714 4098 765 4158 28;
783 4096 837 4145 vit.
847 4096 913 4146 Met.
924 4096 989 4156 Cap.
1003 4107 1059 4143 xvr.
