<?xml version="1.0" encoding="UTF-8"?>
<!DOCTYPE html PUBLIC "-//W3C//DTD XHTML 1.0 Transitional//EN"
    "http://www.w3.org/TR/xhtml1/DTD/xhtml1-transitional.dtd">
<html xmlns="http://www.w3.org/1999/xhtml" xml:lang="en" lang="en">
 <head>
  <title>
</title>
<meta http-equiv="Content-Type" content="text/html;charset=utf-8" />
  <meta name='ocr-system' content='tesseract 3.04.00' />
  <meta name='ocr-capabilities' content='ocr_page ocr_carea ocr_par ocr_line ocrx_word'/>
</head>
<body>
  <div class='ocr_page' id='page_1' title='image "./venerabilisbeda00bedegoog_0080.png"; bbox 0 0 2850 4890; ppageno 0'>
   <div class='ocr_carea' id='block_1_1' title="bbox 462 355 1152 420">
    <p class='ocr_par' dir='ltr' id='par_1_1' title="bbox 462 355 1152 420">
     <span class='ocr_line' id='line_1_1' title="bbox 462 355 1152 420; baseline 0.009 -6"><span class='ocrx_word' id='word_1_1' title='bbox 462 367 642 414; x_wconf 76' lang='lat' dir='ltr'><strong>Auoronrr</strong></span> <span class='ocrx_word' id='word_1_2' title='bbox 659 367 748 414; x_wconf 80' lang='lat' dir='ltr'><strong>vurv.</strong></span> <span class='ocrx_word' id='word_1_3' title='bbox 766 368 880 414; x_wconf 74' lang='lat' dir='ltr'><strong>nuos.</strong></span> <span class='ocrx_word' id='word_1_4' title='bbox 1108 355 1152 420; x_wconf 80' lang='grc'><strong>59</strong></span> 
     </span>
    </p>
   </div>
   <div class='ocr_carea' id='block_1_2' title="bbox 145 523 1316 1617">
    <p class='ocr_par' dir='ltr' id='par_1_2' title="bbox 145 523 1316 1617">
     <span class='ocr_line' id='line_1_2' title="bbox 190 523 1316 610; baseline 0.007 -21"><span class='ocrx_word' id='word_1_5' title='bbox 190 525 265 610; x_wconf 89' lang='lat' dir='ltr'><strong>ejus</strong></span> <span class='ocrx_word' id='word_1_6' title='bbox 290 523 379 588; x_wconf 91' lang='lat' dir='ltr'><strong>dono</strong></span> <span class='ocrx_word' id='word_1_7' title='bbox 401 525 468 588; x_wconf 91' lang='lat' dir='ltr'><strong>sibi</strong></span> <span class='ocrx_word' id='word_1_8' title='bbox 490 524 709 589; x_wconf 80' lang='lat' dir='ltr'><strong>refectionem</strong></span> <span class='ocrx_word' id='word_1_9' title='bbox 729 533 948 608; x_wconf 81' lang='lat' dir='ltr'><strong>procuratam</strong></span> <span class='ocrx_word' id='word_1_10' title='bbox 971 527 1008 590; x_wconf 90' lang='lat' dir='ltr'><strong>in</strong></span> <span class='ocrx_word' id='word_1_11' title='bbox 1032 527 1149 592; x_wconf 89' lang='lat' dir='ltr'><strong>solitu-</strong></span> <span class='ocrx_word' id='word_1_12' title='bbox 1168 543 1316 598; x_wconf 62' lang='lat' dir='ltr'><strong>nmen.</strong></span> 
     </span>
     <span class='ocr_line' id='line_1_3' title="bbox 191 624 1151 709; baseline 0.004 -20"><span class='ocrx_word' id='word_1_13' title='bbox 191 627 281 703; x_wconf 87' lang='lat' dir='ltr'><strong>dine,</strong></span> <span class='ocrx_word' id='word_1_14' title='bbox 296 628 355 708; x_wconf 92' lang='lat' dir='ltr'><strong>qui</strong></span> <span class='ocrx_word' id='word_1_15' title='bbox 369 626 542 708; x_wconf 90' lang='lat' dir='ltr'><strong>quondam</strong></span> <span class='ocrx_word' id='word_1_16' title='bbox 556 624 698 689; x_wconf 82' lang='lat' dir='ltr'><strong>Heliam</strong></span> <span class='ocrx_word' id='word_1_17' title='bbox 713 627 915 704; x_wconf 89' lang='lat' dir='ltr'><strong>solitarium,</strong></span> <span class='ocrx_word' id='word_1_18' title='bbox 933 629 1016 709; x_wconf 93' lang='lat' dir='ltr'><strong>quia</strong></span> <span class='ocrx_word' id='word_1_19' title='bbox 1036 630 1151 694; x_wconf 91' lang='lat' dir='ltr'><strong>nullus</strong></span> 
     </span>
     <span class='ocr_line' id='line_1_4' title="bbox 189 726 1151 810; baseline 0.004 -21"><span class='ocrx_word' id='word_1_20' title='bbox 189 727 364 790; x_wconf 89' lang='lat' dir='ltr'><strong>hominum</strong></span> <span class='ocrx_word' id='word_1_21' title='bbox 379 727 499 790; x_wconf 87' lang='lat' dir='ltr'><strong>aderat</strong></span> <span class='ocrx_word' id='word_1_22' title='bbox 512 726 572 809; x_wconf 91' lang='lat' dir='ltr'><strong>qui</strong></span> <span class='ocrx_word' id='word_1_23' title='bbox 582 727 801 806; x_wconf 85' lang='lat' dir='ltr'><strong>ministraret,</strong></span> <span class='ocrx_word' id='word_1_24' title='bbox 813 727 1061 810; x_wconf 89' lang='lat' dir='ltr'><strong>ejusdemmodi</strong></span> <span class='ocrx_word' id='word_1_25' title='bbox 1073 730 1151 794; x_wconf 90' lang='lat' dir='ltr'><strong>cibo</strong></span> 
     </span>
     <span class='ocr_line' id='line_1_5' title="bbox 189 819 1151 911; baseline 0.004 -22"><span class='ocrx_word' id='word_1_26' title='bbox 189 847 251 910; x_wconf 87' lang='lat' dir='ltr'><strong>per</strong></span> <span class='ocrx_word' id='word_1_27' title='bbox 263 827 420 891; x_wconf 89' lang='lat' dir='ltr'><strong>volucres</strong></span> <span class='ocrx_word' id='word_1_28' title='bbox 434 846 505 890; x_wconf 90' lang='lat' dir='ltr'><strong>non</strong></span> <span class='ocrx_word' id='word_1_29' title='bbox 519 845 633 908; x_wconf 88' lang='lat' dir='ltr'><strong>pauco</strong></span> <span class='ocrx_word' id='word_1_30' title='bbox 644 834 795 909; x_wconf 89' lang='lat' dir='ltr'><strong>tempore</strong></span> <span class='ocrx_word' id='word_1_31' title='bbox 806 819 904 910; x_wconf 79' lang='lat' dir='ltr'><strong>pavit&#39;</strong></span> <span class='ocrx_word' id='word_1_32' title='bbox 917 849 925 908; x_wconf 86' lang='lat'>3</span> <span class='ocrx_word' id='word_1_33' title='bbox 948 829 1047 911; x_wconf 91' lang='lat' dir='ltr'><strong>cujus</strong></span> <span class='ocrx_word' id='word_1_34' title='bbox 1060 831 1151 893; x_wconf 92' lang='lat' dir='ltr'><strong>oculi</strong></span> 
     </span>
     <span class='ocr_line' id='line_1_6' title="bbox 160 928 1153 1010; baseline 0.003 -20"><span class='ocrx_word' id='word_1_35' title='bbox 160 947 293 1009; x_wconf 80' lang='lat' dir='ltr'><strong>esuper</strong></span> <span class='ocrx_word' id='word_1_36' title='bbox 312 928 473 991; x_wconf 86' lang='lat' dir='ltr'><strong>timentes</strong></span> <span class='ocrx_word' id='word_1_37' title='bbox 496 947 584 1003; x_wconf 88' lang='lat' dir='ltr'><strong>eum,</strong></span> <span class='ocrx_word' id='word_1_38' title='bbox 610 935 788 1010; x_wconf 85' lang='lat' dir='ltr'><strong>sperantes</strong></span> <span class='ocrx_word' id='word_1_39' title='bbox 815 935 930 993; x_wconf 89' lang='lat' dir='ltr'><strong>autem</strong></span> <span class='ocrx_word' id='word_1_40' title='bbox 955 931 991 992; x_wconf 91' lang='lat' dir='ltr'><strong>in</strong></span> <span class='ocrx_word' id='word_1_41' title='bbox 1020 931 1153 994; x_wconf 91' lang='lat' dir='ltr'><strong>miseri-</strong></span> 
     </span>
     <span class='ocr_line' id='line_1_7' title="bbox 190 1027 1149 1112; baseline 0.001 -19"><span class='ocrx_word' id='word_1_42' title='bbox 190 1029 307 1093; x_wconf 89' lang='lat' dir='ltr'><strong>cordia</strong></span> <span class='ocrx_word' id='word_1_43' title='bbox 327 1029 414 1112; x_wconf 90' lang='lat' dir='ltr'><strong>ejus‚</strong></span> <span class='ocrx_word' id='word_1_44' title='bbox 432 1036 472 1092; x_wconf 90' lang='lat' dir='ltr'><strong>ut</strong></span> <span class='ocrx_word' id='word_1_45' title='bbox 489 1027 614 1110; x_wconf 86' lang='lat' dir='ltr'><strong>eripiat</strong></span> <span class='ocrx_word' id='word_1_46' title='bbox 634 1047 657 1091; x_wconf 86' lang='lat' dir='ltr'><strong>a</strong></span> <span class='ocrx_word' id='word_1_47' title='bbox 676 1037 785 1093; x_wconf 90' lang='lat' dir='ltr'><strong>morte</strong></span> <span class='ocrx_word' id='word_1_48' title='bbox 809 1029 942 1093; x_wconf 89' lang='lat' dir='ltr'><strong>animas</strong></span> <span class='ocrx_word' id='word_1_49' title='bbox 966 1050 1095 1108; x_wconf 89' lang='lat' dir='ltr'><strong>eorum,</strong></span> <span class='ocrx_word' id='word_1_50' title='bbox 1114 1037 1149 1094; x_wconf 89' lang='lat' dir='ltr'><strong>et</strong></span> 
     </span>
     <span class='ocr_line' id='line_1_8' title="bbox 190 1129 1152 1212; baseline 0.002 -18"><span class='ocrx_word' id='word_1_51' title='bbox 190 1131 262 1194; x_wconf 86' lang='lat' dir='ltr'><strong>alat</strong></span> <span class='ocrx_word' id='word_1_52' title='bbox 278 1149 337 1194; x_wconf 90' lang='lat' dir='ltr'><strong>eos</strong></span> <span class='ocrx_word' id='word_1_53' title='bbox 352 1130 504 1193; x_wconf 84' lang='lat' dir='ltr'><strong>infame.</strong></span> <span class='ocrx_word' id='word_1_54' title='bbox 550 1129 640 1193; x_wconf 85' lang='lat' dir='ltr'><strong>Haec</strong></span> <span class='ocrx_word' id='word_1_55' title='bbox 660 1129 743 1193; x_wconf 91' lang='lat' dir='ltr'><strong>mihi</strong></span> <span class='ocrx_word' id='word_1_56' title='bbox 760 1131 940 1212; x_wconf 83' lang='lat' dir='ltr'><strong>religiosus</strong></span> <span class='ocrx_word' id='word_1_57' title='bbox 955 1132 1065 1195; x_wconf 90' lang='lat' dir='ltr'><strong>nostri</strong></span> <span class='ocrx_word' id='word_1_58' title='bbox 1080 1152 1152 1196; x_wconf 92' lang='lat' dir='ltr'><strong>mo-</strong></span> 
     </span>
     <span class='ocr_line' id='line_1_9' title="bbox 188 1229 1152 1314; baseline 0.003 -21"><span class='ocrx_word' id='word_1_59' title='bbox 188 1232 342 1308; x_wconf 89' lang='lat' dir='ltr'><strong>nasterii,</strong></span> <span class='ocrx_word' id='word_1_60' title='bbox 357 1230 448 1314; x_wconf 90' lang='lat' dir='ltr'><strong>quod</strong></span> <span class='ocrx_word' id='word_1_61' title='bbox 470 1237 524 1293; x_wconf 89' lang='lat' dir='ltr'><strong>est</strong></span> <span class='ocrx_word' id='word_1_62' title='bbox 544 1230 589 1294; x_wconf 90' lang='lat' dir='ltr'><strong>ad</strong></span> <span class='ocrx_word' id='word_1_63' title='bbox 609 1229 737 1293; x_wconf 92' lang='lat' dir='ltr'><strong>ostium</strong></span> <span class='ocrx_word' id='word_1_64' title='bbox 754 1230 855 1294; x_wconf 92' lang='lat' dir='ltr'><strong>Uuiri</strong></span> <span class='ocrx_word' id='word_1_65' title='bbox 877 1231 1037 1309; x_wconf 89' lang='lat' dir='ltr'><strong>fluminis,</strong></span> <span class='ocrx_word' id='word_1_66' title='bbox 1054 1253 1152 1314; x_wconf 89' lang='lat' dir='ltr'><strong>pres-</strong></span> 
     </span>
     <span class='ocr_line' id='line_1_10' title="bbox 189 1330 1151 1415; baseline 0.002 -19"><span class='ocrx_word' id='word_1_67' title='bbox 189 1334 291 1415; x_wconf 85' lang='lat' dir='ltr'><strong>byter</strong></span> <span class='ocrx_word' id='word_1_68' title='bbox 323 1333 460 1395; x_wconf 90' lang='lat' dir='ltr'><strong>nomine</strong></span> <span class='ocrx_word' id='word_1_69' title='bbox 494 1330 653 1413; x_wconf 87' lang='lat' dir='ltr'><strong>Inguald,</strong></span> <span class='ocrx_word' id='word_1_70' title='bbox 681 1332 741 1414; x_wconf 93' lang='lat' dir='ltr'><strong>qui</strong></span> <span class='ocrx_word' id='word_1_71' title='bbox 775 1352 866 1395; x_wconf 88' lang='lat' dir='ltr'><strong>nuno</strong></span> <span class='ocrx_word' id='word_1_72' title='bbox 895 1333 1008 1415; x_wconf 82' lang='lat' dir='ltr'><strong>longae</strong></span> <span class='ocrx_word' id='word_1_73' title='bbox 1038 1335 1151 1415; x_wconf 82' lang='lat' dir='ltr'><strong>gratia</strong></span> 
     </span>
     <span class='ocr_line' id='line_1_11' title="bbox 145 1432 1152 1517; baseline 0.004 -22"><span class='ocrx_word' id='word_1_74' title='bbox 145 1452 178 1496; x_wconf 87' lang='lat' dir='ltr'><strong>ro</strong></span> <span class='ocrx_word' id='word_1_75' title='bbox 191 1433 390 1508; x_wconf 69' lang='lat' dir='ltr'><strong>senectutis</strong></span> <span class='ocrx_word' id='word_1_76' title='bbox 418 1432 528 1513; x_wconf 84' lang='lat' dir='ltr'><strong>magis</strong></span> <span class='ocrx_word' id='word_1_77' title='bbox 557 1432 659 1496; x_wconf 90' lang='lat' dir='ltr'><strong>corde</strong></span> <span class='ocrx_word' id='word_1_78' title='bbox 692 1434 819 1497; x_wconf 89' lang='lat' dir='ltr'><strong>mundo</strong></span> <span class='ocrx_word' id='word_1_79' title='bbox 853 1435 1011 1499; x_wconf 88' lang='lat' dir='ltr'><strong>coelestia</strong></span> <span class='ocrx_word' id='word_1_80' title='bbox 1046 1454 1152 1517; x_wconf 89' lang='lat' dir='ltr'><strong>quam</strong></span> 
     </span>
     <span class='ocr_line' id='line_1_12' title="bbox 185 1533 1150 1617; baseline 0.005 -21"><span class='ocrx_word' id='word_1_81' title='bbox 185 1542 323 1597; x_wconf 86' lang='lat' dir='ltr'><strong>terrena</strong></span> <span class='ocrx_word' id='word_1_82' title='bbox 356 1533 552 1598; x_wconf 88' lang='lat' dir='ltr'><strong>carnalibus</strong></span> <span class='ocrx_word' id='word_1_83' title='bbox 581 1535 835 1616; x_wconf 88' lang='lat' dir='ltr'><strong>contemplatur</strong></span> <span class='ocrx_word' id='word_1_84' title='bbox 864 1536 1074 1617; x_wconf 69' lang='lat' dir='ltr'><strong>aspectibus</strong></span> <span class='ocrx_word' id='word_1_85' title='bbox 1106 1539 1150 1601; x_wconf 87' lang='lat' dir='ltr'><strong>ab</strong></span> 
     </span>
    </p>
   </div>
   <div class='ocr_carea' id='block_1_3' title="bbox 187 1633 1151 1798">
    <p class='ocr_par' dir='ltr' id='par_1_3' title="bbox 187 1633 1151 1798">
     <span class='ocr_line' id='line_1_13' title="bbox 187 1633 1151 1719; baseline 0.001 -22"><span class='ocrx_word' id='word_1_86' title='bbox 187 1635 266 1716; x_wconf 90' lang='lat' dir='ltr'><strong>ipso</strong></span> <span class='ocrx_word' id='word_1_87' title='bbox 281 1633 473 1698; x_wconf 85' lang='lat' dir='ltr'><strong>Cudbercto</strong></span> <span class='ocrx_word' id='word_1_88' title='bbox 488 1633 563 1717; x_wconf 86' lang='lat' dir='ltr'><strong>jam</strong></span> <span class='ocrx_word' id='word_1_89' title='bbox 585 1641 666 1698; x_wconf 88' lang='lat' dir='ltr'><strong>tunc</strong></span> <span class='ocrx_word' id='word_1_90' title='bbox 686 1635 850 1718; x_wconf 89' lang='lat' dir='ltr'><strong>episcopo</strong></span> <span class='ocrx_word' id='word_1_91' title='bbox 865 1654 903 1699; x_wconf 90' lang='lat' dir='ltr'><strong>se</strong></span> <span class='ocrx_word' id='word_1_92' title='bbox 918 1636 1058 1700; x_wconf 81' lang='lat' dir='ltr'><strong>audisse</strong></span> <span class='ocrx_word' id='word_1_93' title='bbox 1072 1656 1151 1719; x_wconf 91' lang='lat' dir='ltr'><strong>per·</strong></span> 
     </span>
     <span class='ocr_line' id='line_1_14' title="bbox 188 1734 437 1798; baseline 0 0"><span class='ocrx_word' id='word_1_94' title='bbox 188 1734 309 1798; x_wconf 86' lang='lat' dir='ltr'><strong>hibuit.</strong></span> <span class='ocrx_word' id='word_1_95' title='bbox 435 1746 437 1749; x_wconf 82' lang='grc'><strong>’</strong></span> 
     </span>
    </p>
   </div>
   <div class='ocr_carea' id='block_1_4' title="bbox 545 1952 793 2019">
    <p class='ocr_par' dir='ltr' id='par_1_4' title="bbox 545 1952 793 2019">
     <span class='ocr_line' id='line_1_15' title="bbox 545 1952 793 2019; baseline -0.008 -1"><span class='ocrx_word' id='word_1_96' title='bbox 545 1952 706 2018; x_wconf 84' lang='lat' dir='ltr'><strong>CAPUT</strong></span> <span class='ocrx_word' id='word_1_97' title='bbox 728 1954 793 2019; x_wconf 86' lang='lat' dir='ltr'><strong>VI.</strong></span> 
     </span>
    </p>
   </div>
   <div class='ocr_carea' id='block_1_5' title="bbox 149 2117 1136 2311">
    <p class='ocr_par' dir='ltr' id='par_1_5' title="bbox 149 2117 1136 2311">
     <span class='ocr_line' id='line_1_16' title="bbox 149 2117 1136 2190; baseline 0.005 -6"><span class='ocrx_word' id='word_1_98' title='bbox 149 2137 177 2184; x_wconf 77' lang='lat' dir='ltr'><strong>rs</strong></span> <span class='ocrx_word' id='word_1_99' title='bbox 210 2117 305 2188; x_wconf 79' lang='lat' dir='ltr'><strong>Quod</strong></span> <span class='ocrx_word' id='word_1_100' title='bbox 317 2124 346 2186; x_wconf 83' lang='lat' dir='ltr'><strong>ei</strong></span> <span class='ocrx_word' id='word_1_101' title='bbox 362 2124 570 2187; x_wconf 80' lang='lat' dir='ltr'><strong>testimonium</strong></span> <span class='ocrx_word' id='word_1_102' title='bbox 584 2124 720 2187; x_wconf 80' lang='lat' dir='ltr'><strong>venienti</strong></span> <span class='ocrx_word' id='word_1_103' title='bbox 734 2125 779 2188; x_wconf 85' lang='lat' dir='ltr'><strong>ud</strong></span> <span class='ocrx_word' id='word_1_104' title='bbox 792 2126 1009 2188; x_wconf 83' lang='lat' dir='ltr'><strong>monasterium</strong></span> <span class='ocrx_word' id='word_1_105' title='bbox 1024 2125 1136 2190; x_wconf 84' lang='lat' dir='ltr'><strong>Boisil</strong></span> 
     </span>
     <span class='ocr_line' id='line_1_17' title="bbox 348 2223 990 2311; baseline 0.005 -25"><span class='ocrx_word' id='word_1_106' title='bbox 348 2225 399 2286; x_wconf 81' lang='lat' dir='ltr'><strong>vir</strong></span> <span class='ocrx_word' id='word_1_107' title='bbox 413 2223 551 2289; x_wconf 80' lang='lat' dir='ltr'><strong>Sanctus</strong></span> <span class='ocrx_word' id='word_1_108' title='bbox 566 2226 600 2288; x_wconf 83' lang='lat' dir='ltr'><strong>in</strong></span> <span class='ocrx_word' id='word_1_109' title='bbox 614 2227 730 2309; x_wconf 81' lang='lat' dir='ltr'><strong>spiritu</strong></span> <span class='ocrx_word' id='word_1_110' title='bbox 738 2225 990 2311; x_wconf 76' lang='lat' dir='ltr'><strong>prophetaverit.</strong></span> 
     </span>
    </p>
   </div>
   <div class='ocr_carea' id='block_1_6' title="bbox 144 2426 1315 3720">
    <p class='ocr_par' dir='ltr' id='par_1_6' title="bbox 144 2426 1315 3720">
     <span class='ocr_line' id='line_1_18' title="bbox 191 2426 1315 2508; baseline 0.002 -19"><span class='ocrx_word' id='word_1_111' title='bbox 191 2426 210 2508; x_wconf 59' lang='grc' dir='ltr'><strong>ᾖ</strong></span> <span class='ocrx_word' id='word_1_112' title='bbox 224 2427 278 2490; x_wconf 93' lang='grc'><strong>10</strong></span> <span class='ocrx_word' id='word_1_113' title='bbox 303 2426 347 2488; x_wconf 81' lang='grc' dir='ltr'><strong>ΙΝ</strong></span> <span class='ocrx_word' id='word_1_114' title='bbox 353 2442 481 2490; x_wconf 72' lang='lat' dir='ltr'><strong>runnu</strong></span> <span class='ocrx_word' id='word_1_115' title='bbox 497 2429 705 2493; x_wconf 89' lang='lat' dir='ltr'><strong>venerabilis</strong></span> <span class='ocrx_word' id='word_1_116' title='bbox 720 2428 860 2493; x_wconf 88' lang='lat' dir='ltr'><strong>Domini</strong></span> <span class='ocrx_word' id='word_1_117' title='bbox 875 2448 1006 2506; x_wconf 79' lang='lat' dir='ltr'><strong>servuS,</strong></span> <span class='ocrx_word' id='word_1_118' title='bbox 1020 2428 1150 2491; x_wconf 79' lang='lat' dir='ltr'><strong>relictis</strong></span> <span class='ocrx_word' id='word_1_119' title='bbox 1168 2439 1202 2490; x_wconf 85' lang='lat' dir='ltr'><strong>A</strong></span> <span class='ocrx_word' id='word_1_120' title='bbox 1217 2442 1249 2490; x_wconf 84' lang='lat' dir='ltr'><strong>n.</strong></span> <span class='ocrx_word' id='word_1_121' title='bbox 1257 2446 1315 2491; x_wconf 76' lang='lat'>651.</span> 
     </span>
     <span class='ocr_line' id='line_1_19' title="bbox 190 2509 1286 2613; baseline 0.008 -23"><span class='ocrx_word' id='word_1_122' title='bbox 190 2529 298 2591; x_wconf 92' lang='lat' dir='ltr'><strong>seculi</strong></span> <span class='ocrx_word' id='word_1_123' title='bbox 316 2530 428 2607; x_wconf 90' lang='lat' dir='ltr'><strong>rebus,</strong></span> <span class='ocrx_word' id='word_1_124' title='bbox 443 2538 580 2594; x_wconf 90' lang='lat' dir='ltr'><strong>monast</strong></span> <span class='ocrx_word' id='word_1_125' title='bbox 567 2530 718 2594; x_wconf 88' lang='lat' dir='ltr'><strong>terialem</strong></span> <span class='ocrx_word' id='word_1_126' title='bbox 734 2538 897 2613; x_wconf 86' lang='lat' dir='ltr'><strong>properat</strong></span> <span class='ocrx_word' id='word_1_127' title='bbox 916 2531 1028 2593; x_wconf 92' lang='lat' dir='ltr'><strong>subire</strong></span> <span class='ocrx_word' id='word_1_128' title='bbox 1049 2530 1151 2592; x_wconf 91' lang='lat' dir='ltr'><strong>disoi·</strong></span> <span class='ocrx_word' id='word_1_129' title='bbox 1164 2571 1189 2609; x_wconf 98' lang='grc'><em>3</em></span> <span class='ocrx_word' id='word_1_130' title='bbox 1168 2509 1286 2608; x_wconf 62' lang='lat' dir='ltr'><strong>emb}</strong></span> <span class='ocrx_word' id='word_1_131' title='bbox 1264 2565 1285 2598; x_wconf 74' lang='grc' dir='ltr'><strong>ιο</strong></span> 
     </span>
     <span class='ocr_line' id='line_1_20' title="bbox 190 2609 1267 2712; baseline 0.002 -22"><span class='ocrx_word' id='word_1_132' title='bbox 190 2628 331 2710; x_wconf 81' lang='lat' dir='ltr'><strong>pliuam,</strong></span> <span class='ocrx_word' id='word_1_133' title='bbox 347 2637 466 2711; x_wconf 86' lang='lat' dir='ltr'><strong>utpote</strong></span> <span class='ocrx_word' id='word_1_134' title='bbox 487 2631 621 2694; x_wconf 87' lang='lat' dir='ltr'><strong>coelesti</strong></span> <span class='ocrx_word' id='word_1_135' title='bbox 643 2631 773 2694; x_wconf 90' lang='lat' dir='ltr'><strong>visione</strong></span> <span class='ocrx_word' id='word_1_136' title='bbox 794 2632 839 2694; x_wconf 89' lang='lat' dir='ltr'><strong>ad</strong></span> <span class='ocrx_word' id='word_1_137' title='bbox 861 2630 1058 2712; x_wconf 90' lang='lat' dir='ltr'><strong>appetenda</strong></span> <span class='ocrx_word' id='word_1_138' title='bbox 1075 2650 1152 2711; x_wconf 90' lang='lat' dir='ltr'><strong>per·</strong></span> <span class='ocrx_word' id='word_1_139' title='bbox 1169 2609 1204 2648; x_wconf 77' lang='grc' dir='ltr'><strong>Μ</strong></span> <span class='ocrx_word' id='word_1_140' title='bbox 1206 2611 1267 2649; x_wconf 53' lang='lat'><strong>¹¹⁰⁸*</strong></span> 
     </span>
     <span class='ocr_line' id='line_1_21' title="bbox 144 2731 1148 2811; baseline 0.003 -20"><span class='ocrx_word' id='word_1_141' title='bbox 144 2747 177 2791; x_wconf 79' lang='lat' dir='ltr'><strong>eo</strong></span> <span class='ocrx_word' id='word_1_142' title='bbox 188 2736 304 2810; x_wconf 87' lang='lat' dir='ltr'><strong>petuae</strong></span> <span class='ocrx_word' id='word_1_143' title='bbox 315 2732 440 2811; x_wconf 84' lang='lat' dir='ltr'><strong>gaudia</strong></span> <span class='ocrx_word' id='word_1_144' title='bbox 452 2732 677 2794; x_wconf 90' lang='lat' dir='ltr'><strong>beatitudinis</strong></span> <span class='ocrx_word' id='word_1_145' title='bbox 688 2732 865 2807; x_wconf 67' lang='lat' dir='ltr'><strong>incitatus</strong></span> <span class='ocrx_word' id='word_1_146' title='bbox 878 2732 922 2794; x_wconf 90' lang='lat' dir='ltr'><strong>ad</strong></span> <span class='ocrx_word' id='word_1_147' title='bbox 937 2731 1148 2795; x_wconf 89' lang='lat' dir='ltr'><strong>tolerandam</strong></span> 
     </span>
     <span class='ocr_line' id='line_1_22' title="bbox 189 2829 1149 2914; baseline 0.001 -22"><span class='ocrx_word' id='word_1_148' title='bbox 189 2848 251 2911; x_wconf 90' lang='lat' dir='ltr'><strong>pro</strong></span> <span class='ocrx_word' id='word_1_149' title='bbox 273 2829 422 2893; x_wconf 90' lang='lat' dir='ltr'><strong>Domino</strong></span> <span class='ocrx_word' id='word_1_150' title='bbox 448 2832 594 2895; x_wconf 85' lang='lat' dir='ltr'><strong>esuriem</strong></span> <span class='ocrx_word' id='word_1_151' title='bbox 613 2832 775 2914; x_wconf 85' lang='lat' dir='ltr'><strong>sitimque</strong></span> <span class='ocrx_word' id='word_1_152' title='bbox 796 2832 1018 2914; x_wconf 88' lang='lat' dir='ltr'><strong>temporalem</strong></span> <span class='ocrx_word' id='word_1_153' title='bbox 1038 2831 1149 2913; x_wconf 91' lang='lat' dir='ltr'><strong>epulis</strong></span> 
     </span>
     <span class='ocr_line' id='line_1_23' title="bbox 189 2918 1151 3016; baseline 0.001 -24"><span class='ocrx_word' id='word_1_154' title='bbox 189 2918 358 2996; x_wconf 86' lang='lat' dir='ltr'><strong>invitatus</strong></span> <span class='ocrx_word' id='word_1_155' title='bbox 373 2933 582 2995; x_wconf 88' lang='lat' dir='ltr'><strong>coelestibus.</strong></span> <span class='ocrx_word' id='word_1_156' title='bbox 627 2933 673 2997; x_wconf 89' lang='lat' dir='ltr'><strong>Et</strong></span> <span class='ocrx_word' id='word_1_157' title='bbox 684 2933 821 3016; x_wconf 92' lang='lat' dir='ltr'><strong>quidem</strong></span> <span class='ocrx_word' id='word_1_158' title='bbox 837 2931 1151 2996; x_wconf 81' lang='lat' dir='ltr'><strong>Lindisfarnensem</strong></span> 
     </span>
     <span class='ocr_line' id='line_1_24' title="bbox 190 3032 1150 3115; baseline 0 -21"><span class='ocrx_word' id='word_1_159' title='bbox 190 3032 372 3095; x_wconf 83' lang='lat' dir='ltr'><strong>ecelesiam</strong></span> <span class='ocrx_word' id='word_1_160' title='bbox 400 3035 527 3097; x_wconf 86' lang='lat' dir='ltr'><strong>multos</strong></span> <span class='ocrx_word' id='word_1_161' title='bbox 553 3033 679 3098; x_wconf 85' lang='lat' dir='ltr'><strong>habere</strong></span> <span class='ocrx_word' id='word_1_162' title='bbox 708 3043 848 3097; x_wconf 85' lang='lat' dir='ltr'><strong>sanctos</strong></span> <span class='ocrx_word' id='word_1_163' title='bbox 874 3035 977 3109; x_wconf 78' lang='lat' dir='ltr'><strong>vir0S,</strong></span> <span class='ocrx_word' id='word_1_164' title='bbox 1006 3051 1150 3115; x_wconf 89' lang='lat' dir='ltr'><strong>quorum</strong></span> 
     </span>
     <span class='ocr_line' id='line_1_25' title="bbox 190 3131 1151 3216; baseline 0.001 -22"><span class='ocrx_word' id='word_1_165' title='bbox 190 3131 349 3196; x_wconf 85' lang='lat' dir='ltr'><strong>doctrina</strong></span> <span class='ocrx_word' id='word_1_166' title='bbox 368 3140 403 3197; x_wconf 92' lang='lat' dir='ltr'><strong>et</strong></span> <span class='ocrx_word' id='word_1_167' title='bbox 423 3135 591 3214; x_wconf 86' lang='lat' dir='ltr'><strong>exemplis</strong></span> <span class='ocrx_word' id='word_1_168' title='bbox 613 3135 736 3199; x_wconf 89' lang='lat' dir='ltr'><strong>instrui</strong></span> <span class='ocrx_word' id='word_1_169' title='bbox 762 3142 892 3216; x_wconf 88' lang='lat' dir='ltr'><strong>posset,</strong></span> <span class='ocrx_word' id='word_1_170' title='bbox 912 3142 1065 3209; x_wconf 90' lang='lat' dir='ltr'><strong>noverat,</strong></span> <span class='ocrx_word' id='word_1_171' title='bbox 1089 3134 1151 3196; x_wconf 88' lang='lat' dir='ltr'><strong>sed</strong></span> 
     </span>
     <span class='ocr_line' id='line_1_26' title="bbox 146 3232 1151 3315; baseline 0 -20"><span class='ocrx_word' id='word_1_172' title='bbox 146 3252 177 3295; x_wconf 84' lang='lat'><strong>25</strong></span> <span class='ocrx_word' id='word_1_173' title='bbox 190 3232 284 3296; x_wconf 86' lang='lat' dir='ltr'><strong>fama</strong></span> <span class='ocrx_word' id='word_1_174' title='bbox 311 3241 496 3315; x_wconf 86' lang='lat' dir='ltr'><strong>preventus</strong></span> <span class='ocrx_word' id='word_1_175' title='bbox 521 3235 646 3298; x_wconf 93' lang='lat' dir='ltr'><strong>Boisili</strong></span> <span class='ocrx_word' id='word_1_176' title='bbox 672 3235 867 3298; x_wconf 89' lang='lat' dir='ltr'><strong>sublimium</strong></span> <span class='ocrx_word' id='word_1_177' title='bbox 893 3234 1057 3298; x_wconf 88' lang='lat' dir='ltr'><strong>virtutum</strong></span> <span class='ocrx_word' id='word_1_178' title='bbox 1079 3253 1151 3295; x_wconf 93' lang='lat' dir='ltr'><strong>mo-</strong></span> 
     </span>
     <span class='ocr_line' id='line_1_27' title="bbox 189 3333 1152 3416; baseline 0 -20"><span class='ocrx_word' id='word_1_179' title='bbox 189 3333 292 3397; x_wconf 87' lang='lat' dir='ltr'><strong>naehi</strong></span> <span class='ocrx_word' id='word_1_180' title='bbox 307 3340 341 3397; x_wconf 92' lang='lat' dir='ltr'><strong>et</strong></span> <span class='ocrx_word' id='word_1_181' title='bbox 355 3334 557 3414; x_wconf 86' lang='lat' dir='ltr'><strong>sacerdotis,</strong></span> <span class='ocrx_word' id='word_1_182' title='bbox 573 3333 717 3399; x_wconf 90' lang='lat' dir='ltr'><strong>Mailros</strong></span> <span class='ocrx_word' id='word_1_183' title='bbox 731 3342 849 3416; x_wconf 90' lang='lat' dir='ltr'><strong>petere</strong></span> <span class='ocrx_word' id='word_1_184' title='bbox 863 3334 997 3397; x_wconf 90' lang='lat' dir='ltr'><strong>maluit.</strong></span> <span class='ocrx_word' id='word_1_185' title='bbox 1043 3333 1152 3397; x_wconf 89' lang='lat' dir='ltr'><strong>Casu-</strong></span> 
     </span>
     <span class='ocr_line' id='line_1_28' title="bbox 190 3435 1152 3517; baseline -0.001 -20"><span class='ocrx_word' id='word_1_186' title='bbox 190 3455 257 3517; x_wconf 87' lang='lat' dir='ltr'><strong>que</strong></span> <span class='ocrx_word' id='word_1_187' title='bbox 282 3435 436 3516; x_wconf 83' lang='lat' dir='ltr'><strong>contigit,</strong></span> <span class='ocrx_word' id='word_1_188' title='bbox 461 3443 500 3499; x_wconf 92' lang='lat' dir='ltr'><strong>ut</strong></span> <span class='ocrx_word' id='word_1_189' title='bbox 527 3457 604 3500; x_wconf 92' lang='lat' dir='ltr'><strong>cum</strong></span> <span class='ocrx_word' id='word_1_190' title='bbox 629 3437 689 3498; x_wconf 92' lang='lat' dir='ltr'><strong>illo</strong></span> <span class='ocrx_word' id='word_1_191' title='bbox 718 3435 922 3517; x_wconf 89' lang='lat' dir='ltr'><strong>proveniens</strong></span> <span class='ocrx_word' id='word_1_192' title='bbox 947 3454 1036 3516; x_wconf 93' lang='lat' dir='ltr'><strong>equo</strong></span> <span class='ocrx_word' id='word_1_193' title='bbox 1063 3435 1152 3497; x_wconf 91' lang='lat' dir='ltr'><strong>desi-</strong></span> 
     </span>
     <span class='ocr_line' id='line_1_29' title="bbox 188 3535 1152 3625; baseline -0.003 -27"><span class='ocrx_word' id='word_1_194' title='bbox 188 3536 324 3613; x_wconf 87' lang='lat' dir='ltr'><strong>luisset,</strong></span> <span class='ocrx_word' id='word_1_195' title='bbox 361 3536 645 3625; x_wconf 84' lang='lat' dir='ltr'><strong>ingressurusque</strong></span> <span class='ocrx_word' id='word_1_196' title='bbox 680 3536 724 3600; x_wconf 90' lang='lat' dir='ltr'><strong>ad</strong></span> <span class='ocrx_word' id='word_1_197' title='bbox 759 3536 924 3598; x_wconf 91' lang='lat' dir='ltr'><strong>orandum</strong></span> <span class='ocrx_word' id='word_1_198' title='bbox 959 3535 1152 3610; x_wconf 85' lang='lat' dir='ltr'><strong>ecclesiam,</strong></span> 
     </span>
     <span class='ocr_line' id='line_1_30' title="bbox 189 3635 1154 3720; baseline -0.002 -22"><span class='ocrx_word' id='word_1_199' title='bbox 189 3636 305 3719; x_wconf 89' lang='lat' dir='ltr'><strong>ipsum</strong></span> <span class='ocrx_word' id='word_1_200' title='bbox 328 3637 456 3720; x_wconf 88' lang='lat' dir='ltr'><strong>pariter</strong></span> <span class='ocrx_word' id='word_1_201' title='bbox 480 3657 605 3718; x_wconf 92' lang='lat' dir='ltr'><strong>equum</strong></span> <span class='ocrx_word' id='word_1_202' title='bbox 631 3644 666 3700; x_wconf 92' lang='lat' dir='ltr'><strong>et</strong></span> <span class='ocrx_word' id='word_1_203' title='bbox 690 3635 848 3712; x_wconf 71' lang='lat' dir='ltr'><strong>hastam·</strong></span> <span class='ocrx_word' id='word_1_204' title='bbox 867 3654 971 3717; x_wconf 93' lang='lat' dir='ltr'><strong>quam</strong></span> <span class='ocrx_word' id='word_1_205' title='bbox 995 3641 1154 3698; x_wconf 89' lang='lat' dir='ltr'><strong>tenuerat</strong></span> 
     </span>
    </p>
   </div>
   <div class='ocr_carea' id='block_1_7' title="bbox 225 3875 1227 4016">
    <p class='ocr_par' dir='ltr' id='par_1_7' title="bbox 225 3875 1227 4016">
     <span class='ocr_line' id='line_1_31' title="bbox 225 3875 1227 4016; baseline -0.004 -89"><span class='ocrx_word' id='word_1_206' title='bbox 225 3877 246 3908; x_wconf 77' lang='lat'><strong>²⁶</strong></span> <span class='ocrx_word' id='word_1_207' title='bbox 263 3875 388 4016; x_wconf 44' lang='lat' dir='ltr'><strong>dindranp</strong></span> <span class='ocrx_word' id='word_1_208' title='bbox 407 3881 456 3929; x_wconf 90' lang='lat' dir='ltr'><strong>See</strong></span> <span class='ocrx_word' id='word_1_209' title='bbox 470 3881 506 3929; x_wconf 92' lang='lat' dir='ltr'><strong>H.</strong></span> <span class='ocrx_word' id='word_1_210' title='bbox 520 3882 550 3929; x_wconf 90' lang='lat' dir='ltr'><strong>E.</strong></span> <span class='ocrx_word' id='word_1_211' title='bbox 564 3881 599 3929; x_wconf 84' lang='lat' dir='ltr'><strong>ir.</strong></span> <span class='ocrx_word' id='word_1_212' title='bbox 614 3883 653 3928; x_wconf 75' lang='lat'><strong>17.</strong></span> <span class='ocrx_word' id='word_1_213' title='bbox 688 3881 810 3929; x_wconf 86' lang='lat' dir='ltr'><strong>traveller</strong></span> <span class='ocrx_word' id='word_1_214' title='bbox 839 3894 895 3928; x_wconf 86' lang='lat' dir='ltr'><strong>was</strong></span> <span class='ocrx_word' id='word_1_215' title='bbox 930 3879 1063 3940; x_wconf 81' lang='lat' dir='ltr'><strong>generally</strong></span> <span class='ocrx_word' id='word_1_216' title='bbox 1095 3892 1154 3939; x_wconf 89' lang='lat' dir='ltr'><strong>pro·</strong></span> <span class='ocrx_word' id='word_1_217' title='bbox 1224 3900 1227 3904; x_wconf 20' lang='grc' dir='ltr'><strong>Δ</strong></span> 
     </span>
    </p>
   </div>
   <div class='ocr_carea' id='block_1_8' title="bbox 191 3945 1154 4153">
    <p class='ocr_par' dir='ltr' id='par_1_8' title="bbox 191 3945 1154 4153">
     <span class='ocr_line' id='line_1_32' title="bbox 226 3945 1154 4011; baseline -0.003 -14"><span class='ocrx_word' id='word_1_218' title='bbox 226 3945 247 3975; x_wconf 75' lang='lat'><strong>²⁹</strong></span> <span class='ocrx_word' id='word_1_219' title='bbox 263 3949 373 3999; x_wconf 74' lang='lat' dir='ltr'><strong>Hostum.</strong></span> <span class='ocrx_word' id='word_1_220' title='bbox 406 3951 460 3998; x_wconf 84' lang='lat' dir='ltr'><strong>The</strong></span> <span class='ocrx_word' id='word_1_221' title='bbox 470 3951 655 3998; x_wconf 79' lang='lat' dir='ltr'><strong>illuminatione</strong></span> <span class='ocrx_word' id='word_1_222' title='bbox 689 3951 767 3999; x_wconf 87' lang='lat' dir='ltr'><strong>vided</strong></span> <span class='ocrx_word' id='word_1_223' title='bbox 786 3950 851 3999; x_wconf 84' lang='lat' dir='ltr'><strong>with</strong></span> <span class='ocrx_word' id='word_1_224' title='bbox 867 3965 886 3998; x_wconf 81' lang='lat' dir='ltr'><strong>a</strong></span> <span class='ocrx_word' id='word_1_225' title='bbox 905 3964 983 4011; x_wconf 84' lang='lat' dir='ltr'><strong>spear</strong></span> <span class='ocrx_word' id='word_1_226' title='bbox 1003 3949 1097 4008; x_wconf 82' lang='lat' dir='ltr'><strong>during</strong></span> <span class='ocrx_word' id='word_1_227' title='bbox 1113 3947 1154 3994; x_wconf 92' lang='lat' dir='ltr'><strong>his</strong></span> 
     </span>
     <span class='ocr_line' id='line_1_33' title="bbox 191 4021 814 4082; baseline 0.006 -17"><span class='ocrx_word' id='word_1_228' title='bbox 191 4021 329 4079; x_wconf 85' lang='lat' dir='ltr'><strong>preserved</strong></span> <span class='ocrx_word' id='word_1_229' title='bbox 341 4021 368 4067; x_wconf 93' lang='lat' dir='ltr'><strong>in</strong></span> <span class='ocrx_word' id='word_1_230' title='bbox 378 4021 463 4068; x_wconf 76' lang='lat' dir='ltr'><strong>Saron</strong></span> <span class='ocrx_word' id='word_1_231' title='bbox 475 4021 655 4081; x_wconf 83' lang='lat' dir='ltr'><strong>manuscripts,</strong></span> <span class='ocrx_word' id='word_1_232' title='bbox 686 4021 814 4082; x_wconf 84' lang='lat' dir='ltr'><strong>journies.</strong></span> 
     </span>
     <span class='ocr_line' id='line_1_34' title="bbox 192 4088 656 4153; baseline 0.004 -17"><span class='ocrx_word' id='word_1_233' title='bbox 192 4088 257 4136; x_wconf 90' lang='lat' dir='ltr'><strong>such</strong></span> <span class='ocrx_word' id='word_1_234' title='bbox 275 4103 304 4138; x_wconf 82' lang='lat' dir='ltr'><strong>as</strong></span> <span class='ocrx_word' id='word_1_235' title='bbox 323 4090 462 4153; x_wconf 84' lang='lat' dir='ltr'><strong>Caedmon‚</strong></span> <span class='ocrx_word' id='word_1_236' title='bbox 477 4090 551 4138; x_wconf 84' lang='lat' dir='ltr'><strong>show</strong></span> <span class='ocrx_word' id='word_1_237' title='bbox 568 4090 624 4139; x_wconf 85' lang='lat' dir='ltr'><strong>that</strong></span> <span class='ocrx_word' id='word_1_238' title='bbox 640 4105 656 4138; x_wconf 82' lang='lat' dir='ltr'><strong>a</strong></span> 
     </span>
    </p>
   </div>
   <div class='ocr_carea' id='block_1_9' title="bbox 0 0 1438 4890">
    <p class='ocr_par' dir='ltr' id='par_1_9' title="bbox 0 0 1438 4890">
     <span class='ocr_line' id='line_1_35' title="bbox 0 0 1438 4890; baseline 0 0"><span class='ocrx_word' id='word_1_239' title='bbox 0 0 1438 4890; x_wconf 95' lang='lat' dir='ltr'><strong> </strong></span> 
     </span>
    </p>
   </div>
  </div>
 </body>
</html>
