2850 4890
462 367 641 417 ancronn
658 369 747 416 vnn.
764 369 877 417 unna.
1088 354 1152 420 137

190 506 360 608 pelliculae
379 528 416 591 in
437 548 573 613 aquam,
588 530 666 612 ipsa
682 550 774 614 aqua
793 530 880 595 lavit
898 551 995 596 suam
1016 531 1150 611 faciem,
1166 546 1232 598 an
1249 550 1307 598 aas.

192 631 377 712 statimque
406 638 518 695 tumor
547 632 668 709 omnis,
696 632 756 714 qui
785 632 874 695 hanc
903 632 1093 711 obsederat,
1116 642 1150 698 et

192 732 329 795 scabies
351 731 446 795 foeda
465 727 627 814 recessit,
645 732 750 816 juxta
771 734 860 816 qnod
880 735 962 797 mibi
982 742 1017 798 et
1038 735 1149 817 primo

190 833 369 915 religiosus
409 833 549 917 quidam
588 834 773 918 Presbyter
808 834 909 918 hujus
950 837 1149 900 monasterii

161 955 176 998 s
192 934 409 1019 Gyruuensis
423 935 600 1014 indicavit,
615 937 675 1018 qui
691 956 728 1000 se
743 937 877 1000 vultum
892 936 986 999 illius
1002 945 1037 1002 et
1051 938 1147 1019 prius

192 1045 382 1101 tumentum
394 1056 436 1101 ac
448 1035 632 1102 deformem
643 1056 758 1115 nosse,
773 1046 807 1102 et
815 1045 939 1120 postea
947 1038 1147 1102 mundatum

190 1158 252 1220 per
275 1139 462 1203 fenestram
484 1159 588 1203 manu
609 1140 785 1222 palpasse,
808 1138 996 1220 referebat3
1019 1146 1054 1203 et
1071 1139 1147 1222 ipse

190 1240 409 1322 postmodum
423 1239 605 1321 Felgeldus
617 1241 744 1318 retulit,
756 1248 913 1305 astruens
924 1240 1072 1322 quiores
1087 1241 1148 1319 ita,

191 1350 231 1406 ut
246 1341 431 1425 Presbyter
445 1348 655 1418 narraverat,
670 1348 763 1404 esset
782 1342 933 1424 expleta,
948 1346 983 1405 et
995 1341 1087 1424 quod
1102 1362 1148 1406 ex

147 1463 178 1508 ro
190 1463 232 1507 eo
247 1451 408 1524 tempore,
423 1461 500 1506 eum
520 1442 674 1504 inclusus
689 1461 749 1523 per
764 1443 871 1505 multa
886 1460 1050 1505 annorum
1072 1462 1147 1506 cnr-

190 1545 301 1608 ricula
324 1550 489 1621 maneret,
503 1549 541 1606 ut
562 1543 669 1625 prins,
687 1543 870 1606 immunem
891 1543 934 1605 ab
953 1542 1147 1625 hujusmodi

189 1646 351 1710 molestia
374 1645 506 1708 vultum
533 1662 667 1725 semper
693 1643 857 1721 baberet3
888 1650 1008 1724 agente
1036 1647 1147 1726 gratia

191 1748 260 1812 Dei
273 1745 528 1829 omnipotentis
543 1764 621 1826 quae
637 1745 721 1808 etin
736 1744 898 1825 praesenti
914 1743 1038 1808 multos
1058 1753 1093 1809 et
1109 1746 1145 1809 in

189 1849 306 1913 futuro
330 1866 448 1912 omnes
473 1846 585 1911 cordis
605 1853 640 1910 et
661 1845 812 1928 eorporis
836 1845 943 1908 nostri
965 1846 1145 1927 languores

145 1971 176 2016 rs
190 1969 316 2015 sanare
335 1948 526 2026 consuevit,
544 1948 746 2028 satiansque
765 1946 802 2009 in
821 1946 921 2009 bonis
940 1945 1144 2011 desiderium

189 2059 357 2129 nostrum,
382 2068 534 2113 suanos
559 2049 594 2111 in
620 2054 821 2130 perpetuum
849 2048 1081 2114 misericordIa
1108 2056 1144 2116 et

189 2154 408 2219 miseratione
423 2159 573 2216 coronat.
619 2149 747 2214 Auru.
