2850 4890
207 383 273 448 206
458 402 544 449 vau.
565 402 672 449 nunu
689 398 926 449 eunouroou.

208 557 293 634 dies,
306 558 340 620 in
353 560 476 641 quibus
488 559 605 623 muudi
618 559 720 644 hujus
731 566 887 623 ornatum
901 555 1046 640 perfecit
1054 555 1160 629 Deus,

209 664 245 721 et
259 660 450 741 septimum,
465 662 500 724 in
519 680 587 744 quo
605 662 649 724 ab
668 660 759 724 omni
778 679 880 742 opere
901 677 965 722 suo
984 656 1160 739 requievit,

209 778 310 841 quem
325 762 369 824 ob
388 762 423 825 id
442 770 615 844 perpetuae
635 761 760 844 quietis
776 758 1015 823 benedictione
1036 756 1161 820 sancti-

209 859 335 938 ficavit,
357 881 424 925 non
451 882 514 926 sex
534 880 699 926 annorum
716 862 823 925 millia
842 860 950 924 seculi
970 858 1160 922 laborantis

208 967 243 1024 et
261 963 442 1044 septimum
462 962 557 1044 regui
577 963 752 1027 beatorum
768 962 804 1024 in
818 970 907 1025 terra
921 981 999 1024 cum
1015 958 1164 1035 Christo,
1186 976 1198 1018 a

208 1061 268 1125 sed
293 1083 356 1126 sex
374 1063 489 1145 potius
510 1069 632 1127 aetates
654 1063 845 1145 significare
865 1062 982 1126 mundi
1000 1061 1161 1136 labentis,

207 1163 243 1224 in
263 1165 387 1247 quibus
406 1165 518 1228 sancti
538 1165 697 1229 laborant
714 1165 750 1227 in
769 1163 834 1227 hac
849 1164 924 1228 vita
936 1181 998 1244 pro
1013 1161 1162 1237 Christo,

207 1271 242 1327 et
262 1265 442 1347 septimam
463 1272 636 1347 perpetuae
660 1265 786 1348 quietis
805 1267 841 1328 in
862 1265 931 1329 alia
950 1265 1035 1341 vita,
1058 1283 1161 1346 quam

207 1366 330 1429 solutae
345 1387 367 1429 a
381 1368 580 1450 corporibus
593 1367 786 1450 percipiunt
800 1367 923 1430 animae
938 1372 1071 1429 sanctae
1083 1383 1160 1427 cum

207 1465 354 1531 Christo.
397 1466 499 1545 Quod
524 1469 712 1532 animarum
735 1468 918 1532 sabbatum
938 1474 1020 1530 tunc
1043 1464 1198 1528 incho-lo

207 1586 286 1633 asse
308 1575 399 1632 recte
423 1569 582 1647 creditur,
610 1589 688 1632 cum
718 1569 847 1651 primus
877 1566 1005 1631 Christi
1032 1573 1161 1650 martyr

205 1687 307 1734 carne
337 1670 471 1734 occisus
501 1689 522 1732 a
545 1669 649 1734 fratre
672 1688 755 1734 mox
779 1669 894 1732 anima
919 1674 973 1732 est
997 1676 1161 1732 aeternam

205 1770 392 1834 translatus
407 1771 443 1832 in
458 1771 629 1853 requiem3
651 1777 734 1834 tunc
746 1777 860 1834 autem
870 1769 1075 1851 perficietur,
1084 1787 1161 1832 cum

204 1869 240 1931 in
260 1870 315 1934 die
337 1871 596 1935 resurrectionis
617 1870 741 1933 animae
760 1870 865 1934 etiam
885 1888 1031 1951 corpora
1051 1869 1161 1932 incor-

205 1978 306 2053 rupta
329 1973 525 2052 receperint.
570 1972 614 2036 Et
631 1973 714 2055 quia
731 1971 826 2035 nulla
845 1977 987 2034 aetatum
1004 1970 1158 2054 quinque
1170 1989 1195 2033 15

205 2072 453 2152 praeteritarum
474 2073 566 2137 mille
587 2074 686 2137 anuis
709 2081 788 2137 acta
807 2072 983 2154 reperitur,
998 2072 1060 2135 sed
1082 2072 1159 2136 aliae

205 2172 320 2253 plures
344 2191 452 2235 annos
476 2174 553 2237 aliae
577 2175 757 2257 pauciores
777 2173 937 2251 habuere,
958 2192 1072 2256 neque
1088 2174 1160 2238 ulla

205 2271 302 2335 alteri
318 2272 461 2337 similem
481 2274 603 2339 babuit
620 2294 787 2338 summam
805 2293 981 2352 annorum,
993 2281 1105 2339 restat
1121 2282 1160 2338 ut

203 2373 279 2454 pari
292 2374 393 2437 modo
407 2374 481 2438 haec
497 2390 645 2460 quoque,
660 2397 738 2461 quae
753 2397 843 2440 nunc
859 2377 980 2458 agitur,
991 2376 1159 2440 incertum

202 2475 403 2538 mortalibus
424 2474 550 2540 babeat
578 2497 651 2540 suae
680 2477 903 2559 longitudinis
930 2484 1072 2553 statum,
1092 2478 1195 2541 solino

203 2581 318 2638 autem
347 2575 398 2638 illi
425 2578 609 2658 cognitum,
638 2580 697 2662 qui
726 2598 844 2643 servos
877 2597 960 2641 suos
994 2579 1158 2643 accinctis

202 2676 326 2739 lumbis
351 2677 568 2762 lucernisque
595 2680 792 2744 ardentibus
815 2680 956 2761 vigilare
982 2681 1158 2764 praecepit,

203 2776 331 2839 similes
351 2777 543 2843 bominibus
558 2782 840 2863 exspectantibus
856 2780 1042 2845 Dominum
1058 2803 1159 2847 suum

203 2876 341 2958 quaudo
357 2887 548 2943 revertatur·
563 2900 584 2945 a
598 2883 739 2964 nuptiis.
