2850 4890
88 757 236 799 Exhortatious

89 810 130 848 aud
137 809 240 850 threaten·

89 860 141 910 ingr.

264 360 329 426 212
531 376 719 425 narsronn
739 375 829 422 vsu.
850 374 958 421 nunu

265 538 368 602 etiam
398 556 460 600 nos
489 536 702 600 consuetudo
731 535 861 600 sedulae
894 533 1147 618 deprecationis
1181 553 1227 597 ac

267 659 413 722 genuum
428 637 588 703 flexionis
603 639 732 702 docuit.

307 741 370 825 §a
406 739 509 819 Quod
534 741 564 804 si
589 740 675 817 haec,
699 747 738 804 ut
766 740 977 821 suggerimus
1003 739 1040 801 in
1063 728 1231 820 regendis

263 842 515 926 pascendisque
530 841 656 906 Christi
671 842 804 919 ovibus,
819 847 881 905 tua
897 839 1084 924 pastoralis
1103 846 1224 905 ancto-

262 945 348 1009 ritas
380 943 569 1028 perfecerit,
605 945 672 1008 dici
709 962 776 1007 non
811 949 928 1025 potest
961 948 1129 1025 quantum
1163 940 1263 1004 tibia

265 1066 423 1130 supemaa
452 1046 617 1111 mercedis
648 1044 741 1129 apud
771 1045 951 1109 Pastorem
983 1051 1162 1127 pastorum
1188 1042 1225 1104 in

263 1149 378 1213 futuro
396 1149 652 1231 praeparaveris.
698 1147 838 1227 Quanto
859 1149 951 1212 enim
972 1146 1101 1212 rariora
1121 1143 1225 1228 hujus

264 1250 488 1315 sacratissimi
508 1250 620 1332 operis
640 1250 677 1313 in
697 1250 871 1333 episcopis
889 1257 1016 1313 nostrae
1033 1247 1145 1330 gentis
1163 1265 1225 1309 ex-

263 1351 378 1434 empla
396 1351 535 1434 reperis,
549 1357 648 1415 tanto
668 1351 791 1415 altiora
806 1349 992 1433 singularis
1008 1349 1123 1412 meriti
1136 1366 1225 1431 prae-

262 1454 333 1518 mia
347 1453 509 1535 recipies3
531 1460 652 1534 utpote
666 1453 726 1534 qui
741 1451 905 1535 populum
917 1451 985 1515 Dei
995 1469 1057 1532 per
1067 1450 1223 1514 crebram
1236 1467 1264 1510 ro

265 1555 411 1640 symboli
439 1555 495 1622 vel
525 1555 690 1619 orationis
719 1572 828 1619 sacrae
863 1553 1145 1618 decantationem
1181 1550 1226 1616 ad

264 1657 485 1734 intellectum,
501 1675 658 1736 amorem,
673 1676 780 1740 spem,
794 1655 896 1720 fidem
913 1663 949 1720 et
965 1654 1225 1738 inquisitionem

264 1759 458 1838 eorundem,
478 1778 557 1842 quae
577 1758 817 1837 decantantur,
835 1759 1028 1823 coelestium
1047 1756 1227 1832 donorum,

264 1869 409 1946 patema
421 1862 552 1944 pietate
567 1881 608 1926 ac
623 1860 854 1926 sollicitudine
864 1867 1090 1944 provocatum
1102 1878 1227 1924 accen-

264 1961 365 2027 deris.
410 1963 508 2027 Sicut
536 1983 555 2028 e
584 1965 768 2043 contrario,
796 1964 827 2028 si
857 1962 1078 2028 commissum
1107 1961 1172 2025 tibi
1203 1979 1263 2024 au
1296 1958 1302 1968 ’

265 2063 415 2129 Domino
439 2066 613 2146 negotium
642 2066 755 2130 minus
784 2065 965 2148 diligenter
989 2063 1227 2148 compleveris,

265 2185 327 2250 pro
342 2166 535 2231 retentione
550 2167 674 2231 talenti
690 2186 768 2232 cum
786 2185 885 2232 servo
904 2185 1054 2250 nequam
1072 2173 1110 2231 et
1129 2165 1226 2249 pigro

265 2275 399 2350 partem
419 2287 456 2331 es
477 2276 674 2351 recepturus
694 2269 730 2331 in
750 2268 885 2348 futur03
912 2267 1064 2332 maxime
1086 2267 1117 2331 si
1142 2274 1227 2332 tem·

265 2369 400 2453 poralia
418 2370 461 2432 ab
481 2369 551 2433 illis
569 2370 748 2434 commoda
762 2370 933 2453 requirere
948 2376 1053 2451 atque
1068 2369 1227 2452 accipere

267 2471 514 2555 praesumseris,
529 2471 655 2555 quibus
675 2471 772 2535 nulla
792 2471 945 2535 coelestis
960 2470 1118 2535 beneficii
1134 2470 1266 2535 donaro

266 2574 451 2656 rependere
463 2573 672 2654 probaveris.
704 2572 792 2636 Cum
805 2573 894 2636 enim
905 2571 1075 2636 Dominus
1085 2571 1226 2636 mittens

267 2673 312 2737 ad
338 2674 641 2756 evangelizandum
669 2673 859 2756 discipulos
888 2673 1047 2751 dixisset,
1069 2671 1226 2737 ‘Euntes

266 2783 382 2840 autem
421 2775 621 2859 praedicate,
654 2776 809 2839 dicentes
846 2775 929 2857 quia
969 2775 1227 2858 appropinquat

266 2895 406 2960 regnum
431 2877 625 2957 coelorum3'
659 2878 763 2960 paulo
789 2883 870 2960 post
895 2876 1077 2960 subjunxit
1096 2877 1227 2955 dicens,

265 2977 412 3043 ‘Gratis
436 2979 632 3062 accepistis,
653 2980 759 3062 gratis
783 2979 884 3059 date3
917 2979 1023 3043 nolite
1049 2977 1266 3060 possiderent

267 3099 398 3157 aunum,
427 3100 540 3163 neque
570 3079 768 3163 argentum!
827 3080 864 3143 Si
894 3099 975 3162 ergo
1004 3079 1082 3142 illos
1118 3079 1227 3160 gratis

267 3179 492 3263 Evangelium
521 3182 708 3264 praedicere
734 3180 853 3263 jussit,
880 3200 992 3263 neque
1022 3199 1144 3243 aurum
1170 3181 1227 3244 vel

268 3289 458 3363 argentum,
474 3282 531 3347 vel
551 3282 680 3365 aliquid
699 3281 855 3363 pecuniae
875 3280 1077 3364 temporalis
1099 3282 1144 3344 ab
1164 3282 1227 3358 eis,

266 3382 391 3463 quibus
410 3382 659 3463 praedicabant,
678 3381 835 3465 accipere
855 3383 1019 3464 permisit,
1040 3381 1124 3462 quid
1144 3400 1227 3464 rogo

265 3483 346 3559 illis,
361 3485 421 3566 qui
434 3481 487 3546 his
504 3486 675 3549 contraria
690 3491 821 3566 gerunt,
835 3483 978 3566 periculi
991 3482 1195 3548 imminenti
1237 3501 1268 3546 ao

271 3607 276 3615 ·
311 3584 376 3666 §Z
400 3584 552 3649 Atteude
577 3586 660 3669 quid
685 3585 879 3668 gravissimi
898 3585 1036 3648 sceleris
1058 3585 1110 3647 illi
1135 3603 1227 3648 com-

91 3671 203 3749 is¹i⁰u³a
267 3686 422 3750 miserint
446 3687 504 3768 qui
528 3695 563 3751 et
587 3696 723 3751 terrena
743 3688 787 3751 ab
808 3686 1020 3750 auditoribus
1038 3687 1111 3750 suis
1131 3685 1228 3751 lucra

268 3788 527 3870 diligentissime
538 3792 718 3872 requirere,
728 3797 763 3853 et
772 3809 832 3871 pro
845 3807 958 3852 eorum
971 3787 1085 3852 salute
1097 3794 1228 3853 aeterna

505 4109 524 4139 ²⁹
542 4107 674 4179 Dixisset]
709 4114 747 4162 St.
760 4114 836 4161 Mati.
852 4129 875 4160 n.
890 4115 914 4174 7,
928 4117 953 4173 8,
966 4116 992 4159 9.
