2850 4890
409 371 591 420 uucroan
609 372 697 420 vnn.
718 373 830 421 unns.
1036 354 1101 418 115

140 534 225 592 neta
242 528 380 593 liberior
398 530 522 614 priscae
542 531 804 614 conpunctionis
823 531 960 597 flamma
975 550 1098 596 consu·
1114 542 1150 592 Α.
1160 540 1194 590 D.
1206 545 1264 592 aar.

139 636 257 694 meret.
315 628 395 708 Quo
423 638 575 713 tempore
603 633 732 715 saepius
767 634 809 696 ad
840 634 1026 699 visitantes
1060 652 1098 697 se

140 729 279 795 Fratres
302 730 345 796 de
367 733 543 798 mansione
566 753 630 799 sua
652 734 777 817 egredi,
796 753 923 817 eosque
943 753 1097 817 praesens

139 832 275 896 solebat
303 833 443 916 alloqui.
497 832 598 901 Libet
627 843 744 901 autem
773 836 894 901 referre
923 836 1097 919 quoddam

106 951 123 994 5
140 939 223 997 tunc
239 935 282 997 ab
297 934 484 1022 eopfactum
502 937 714 1017 miraculum,
729 957 798 1022 quo
820 938 946 1002 clarius
968 938 1098 1003 eluces·

139 1041 208 1110 cat,
234 1043 401 1117 quantum
429 1037 514 1102 viris
544 1040 674 1104 sanctis
710 1038 1013 1123 obtemperandum
1041 1040 1098 1116 sit,

137 1136 244 1201 etiam
259 1137 296 1201 in
313 1137 378 1214 his,
393 1158 471 1220 quae
490 1139 717 1222 negligentius
738 1141 908 1223 imperare
930 1140 1098 1205 videntur.

139 1235 300 1315 Quadam
322 1239 377 1303 die
396 1240 478 1304 dum
498 1241 674 1325 venissent
696 1241 849 1324 quidam,
872 1259 1099 1323 egressusque

137 1339 196 1403 ille
212 1341 445 1405 exhortatorio
459 1361 520 1407 eos
535 1362 689 1407 sermone
704 1343 868 1420 reficeret,
882 1349 964 1425 post
982 1343 1099 1406 admo-

92 1459 126 1504 10
137 1440 304 1506 uitionem
317 1444 523 1525 completam
538 1445 717 1527 subjunxit
733 1445 861 1522 dicens,
884 1450 895 1480 ‘
909 1443 932 1506 J
936 1464 990 1507 am
1015 1442 1098 1508 bora

136 1551 192 1609 est
207 1549 246 1608 ut
261 1543 305 1607 ad
318 1544 531 1609 mansionem
548 1564 658 1608 meam
673 1544 864 1626 regrediar3
887 1563 950 1609 vos
970 1551 1096 1619 autem,

136 1646 220 1728 quia
239 1645 409 1728 proticisci
428 1646 623 1728 disponitis,
647 1646 758 1728 primo
783 1646 907 1710 sumite
934 1646 1040 1721 cibos,
1062 1652 1098 1709 ot

134 1759 267 1812 aucam
292 1747 384 1811 illam
419 1746 609 1833 (pendebat
637 1747 730 1811 enim
757 1766 845 1811 auca
873 1747 910 1810 in
938 1745 1096 1831 pariete),

135 1849 275 1932 coquite
305 1856 341 1913 et
375 1849 555 1927 comedite,
584 1855 620 1913 et
648 1849 699 1913 sic
726 1849 762 1912 in
788 1847 924 1913 nomine
954 1847 1095 1912 Domini

91 1969 123 2013 15
135 1969 259 2014 navem
274 1950 450 2014 ascendite
465 1969 506 2014 ac
522 1949 661 2013 domum
673 1948 803 2013 redite?
847 1948 995 2014 Dixerat
1008 1949 1095 2029 haec,

136 2058 173 2115 et
186 2052 271 2115 data
284 2051 439 2116 oratione
456 2070 497 2116 ac
511 2051 761 2128 benedictione,
770 2069 869 2114 suam
880 2051 1093 2114 mansionem

133 2153 277 2217 introiit
322 2152 379 2217 Illi
391 2162 517 2232 autem,
528 2160 568 2217 ut
577 2158 801 2237 praeceperat,
813 2171 965 2216 sumsere
977 2151 1093 2232 oibos;

135 2253 196 2318 sed
212 2254 297 2338 quia
311 2256 535 2319 abundabant
548 2255 646 2332 cibis,
657 2273 744 2337 quos
757 2246 873 2317 secum
888 2252 1092 2332 adtulerunt,

135 2374 270 2433 aucam,
284 2356 327 2419 de
342 2375 411 2438 qua
427 2361 649 2439 praeoeperat,
664 2362 802 2437 tangere
817 2373 886 2418 non
901 2356 1077 2418 curabant.

91 2475 123 2519 20
179 2455 268 2539 §52
291 2456 340 2520 At
360 2476 438 2520 cum
460 2454 579 2520 refecti
600 2456 797 2521 naviculam
820 2456 948 2520 vellent
972 2476 1091 2520 ascen·
1110 2479 1251 2522 ructamus

1063 2557 1070 2570 .
1107 2532 1252 2572 disobedience

132 2558 224 2636 dere,
253 2564 374 2621 exorta
406 2558 521 2621 subito
549 2562 739 2638 tempestas
766 2555 840 2620 scra
872 2576 1006 2621 omnem
1039 2576 1091 2620 ers
1108 2582 1259 2642 oraremu-

132 2659 321 2741 navigandi
341 2659 541 2723 facultatem
559 2657 712 2722 abstulit.
755 2657 969 2740 Factumque
984 2665 1038 2722 cst
1053 2666 1092 2722 ut
1108 2630 1221 2722 illim*

133 2769 266 2844 septem
289 2760 409 2825 diebus
432 2760 585 2826 fervente
608 2760 702 2823 unda
727 2759 881 2823 conclusi
907 2759 1025 2823 tristes
1054 2760 1091 2823 in

131 2861 248 2926 insula
259 2861 464 2942 residerent3
486 2882 549 2926 nec
561 2869 677 2926 tamen
688 2861 825 2943 culpam
837 2860 1090 2938 inobedientiae,

89 2981 194 3045 aspro
216 2982 288 3046 qua
308 2962 504 3048 hujusmodi
524 2982 692 3027 carcerem
711 2962 939 3044 patiebantur,
955 2962 1000 3026 ad
1019 2983 1091 3026 me·

131 3064 276 3128 moriam
301 3073 512 3129 revocarent.
558 3063 629 3143 Qui
655 3083 733 3128 cum
758 3063 878 3127 sedulo
908 3063 950 3126 ad
980 3063 1089 3147 patris

131 3165 342 3250 colloquium
365 3165 505 3243 reversi,
534 3184 574 3229 ac
602 3165 644 3229 de
672 3164 803 3228 reditus
830 3165 884 3229 sui
909 3164 1089 3247 dispendio

131 3267 322 3350 conquesti,
345 3267 524 3349 patientiae
551 3267 596 3329 ab
618 3265 678 3329 illo
703 3266 836 3329 monita
857 3266 1087 3348 perciperent3

129 3369 280 3452 septima
298 3369 437 3433 tandem
457 3368 512 3432 die
533 3386 689 3450 egressus
709 3367 785 3450 ipse
806 3366 850 3431 ad
866 3385 937 3446 eos,
950 3368 1089 3433 volebat

91 3489 118 3534 ao
128 3469 332 3535 moestitiam
347 3489 464 3534 eorum
479 3470 590 3553 gratia
605 3488 678 3533 suae
692 3468 900 3534 visitationis
916 3477 951 3534 ct
966 3489 1088 3534 conso-

128 3572 270 3637 lationis
293 3571 362 3652 piae
388 3573 492 3637 verbo
515 3571 633 3634 lenire.
679 3569 860 3653 Ingressus
887 3577 1002 3635 autem
1028 3571 1088 3636 do-

130 3695 234 3752 mum,
248 3675 285 3737 in
307 3693 376 3756 qua
393 3674 590 3750 manebant,
604 3679 644 3736 ut
657 3671 744 3736 vidit
759 3691 881 3736 aucam
895 3691 964 3735 non
979 3656 1087 3738 fuisse

128 3783 328 3852 comestam,
347 3776 485 3859 placido
509 3776 607 3841 vultu
631 3781 667 3839 et
689 3774 770 3840 laeto
789 3774 906 3856 potius
932 3793 1087 3839 sermone

129 3877 303 3959 redarguit
313 3896 429 3940 eorum
443 3875 724 3953 inobedientiam,
738 3874 905 3952 ‘Nonne,’
915 3875 1087 3958 inquiens,

94 3997 119 4042 as
130 3986 141 4014 ‘
154 3981 347 4043 incomesta
361 3978 473 4043 adhuc
489 3979 615 4061 pendet
631 3977 741 4042 auca?
765 3977 896 4059 etquid
914 3977 1035 4039 mirum
1056 3977 1087 4039 si

131 4100 193 4146 vos
213 4099 307 4144 mare
327 4100 396 4144 non
416 4081 498 4145 sivit
514 4081 631 4144 abiret
673 4079 847 4144 citissime
866 4096 943 4159 ergo
961 4075 1087 4140 mittite
