2850 4890
528 359 697 407 AUCTORE
719 358 801 405 VEN.
827 358 932 406 BEDA.

257 515 408 593 Credite,
426 535 489 579 nec
506 515 597 579 laesit
613 534 766 580 summas
783 515 925 580 offensio
943 517 1093 599 plantas,

257 616 332 681 Nec
350 616 505 681 modicus
521 617 638 680 saltim
656 618 772 700 tetigit
788 615 980 700 praecordia
997 625 1119 681 terror.

256 716 332 781 Nec
350 718 450 800 quasi
467 736 600 781 summa
616 737 703 781 meae
720 718 892 800 stupeatis
908 717 1060 782 culmina
1077 718 1172 794 vitae,

239 898 241 909 Ι
256 817 454 881 Blanditias
471 817 563 900 quod
581 838 658 900 ego,
676 818 764 881 luxu
781 818 933 897 fallente,
951 819 1118 901 superbas

227 916 362 982 scalce
379 925 505 996 terens,
524 919 675 982 Domino
692 920 830 1002 cupiam
847 927 1001 1004 secretus
1019 919 1151 982 adesse.

254 1017 397 1084 Arctior
412 1026 466 1083 est
482 1020 654 1096 monachi,
672 1039 750 1102 quae
767 1039 903 1102 semper
918 1020 1060 1084 subdita
1071 1018 1182 1104 jussis

254 1118 342 1184 Vita
358 1121 423 1183 sub
440 1119 583 1203 imperio
599 1121 708 1184 servit
723 1118 851 1185 devota
867 1119 1022 1203 parendi,

255 1219 512 1302 Excubiasque,
547 1220 754 1302 famemque,
788 1240 919 1303 preceS,
954 1238 1188 1301 manuumque

401 1320 556 1385 laborem

209 1445 240 1489 lo
253 1419 311 1485 Ad
328 1428 448 1485 votum
466 1420 620 1504 gaudent
636 1421 735 1503 proni
753 1420 888 1484 frenare
905 1421 1069 1504 regentis

254 1521 315 1585 Me
332 1542 479 1604 quorum
496 1522 625 1586 multos
643 1522 725 1585 vitae
743 1541 804 1604 per
822 1521 973 1585 culmina
990 1522 1084 1597 novi,

255 1620 393 1705 Perque
410 1620 757 1705 prophetalisradios
774 1622 897 1703 praeire
914 1621 1046 1705 sophiae
1060 1642 1069 1701 ;

254 1722 418 1801 BoisiluS,
437 1742 456 1785 e
474 1724 600 1805 quibus
619 1730 672 1786 est
689 1721 850 1785 Mailrosi
867 1722 981 1805 gloria
998 1728 1122 1798 coetus,

254 1821 367 1901 Quem
394 1830 505 1886 totam
538 1824 676 1886 memini
711 1821 885 1904 quondam
919 1821 1002 1887 mihi
1036 1822 1187 1906 pandere

209 1940 240 1986 15
403 1924 524 2001 vitam,

254 2021 343 2102 Quae
360 2044 415 2087 me
431 2024 570 2088 venturi
586 2024 741 2087 restabat
757 2024 793 2086 in
810 2024 929 2100 ordine
946 2023 1041 2088 secli.

253 2122 367 2187 Unius
385 2132 420 2189 et
436 2125 549 2188 solum
566 2131 708 2208 superat
725 2125 897 2187 sententia
913 2125 1022 2201 verbi,

254 2222 369 2303 Quam
397 2244 557 2307 cuperem
584 2243 761 2307 nunquam
788 2223 895 2288 faciat
928 2227 1024 2289 Deus
1059 2222 1188 2286 arbiter

404 2325 521 2389 orbis!

208 2439 241 2484 ao
254 2424 344 2489 Haec
360 2445 458 2489 sacer
474 2426 590 2490 aiebat
607 2425 733 2503 senior,
750 2425 834 2507 quia
851 2423 1016 2507 praescius
1033 2424 1148 2506 ipsum

255 2525 460 2591 Pontificem
477 2527 646 2609 altiloquo
663 2525 875 2608 praedixerat
892 2544 951 2588 ore
968 2524 1135 2590 futurum.

571 2771 737 2837 CAPUT
762 2772 880 2838 XXI.

344 2953 515 3037 Prophetiu
529 2953 662 3038 ejusdem
678 2954 713 3016 de
728 2955 794 3016 vito
809 2951 968 3042 Ecgfridi
980 2948 1074 3035 regie,
1090 2959 1117 3010 et

602 3055 777 3138 episcopatu
792 3075 857 3117 suo.

210 3242 242 3286 25
307 3225 467 3304 Cuuoun
484 3229 579 3311 pium
597 3230 713 3294 cuncti
730 3227 922 3312 gauderent
939 3227 1051 3292 visere
1068 3232 1195 3300 vatem,

256 3327 344 3412 Ejus
362 3336 397 3392 et
414 3329 555 3394 hortatu
573 3330 686 3394 cordis
703 3348 909 3412 componere
919 3327 1074 3406 .fluetus;

256 3427 358 3505 Eece,
376 3429 464 3493 alios
482 3431 572 3494 inter
589 3431 698 3512 signis
715 3430 920 3494 sublimibus
938 3435 1018 3491 acta

257 3527 371 3611 Regia
388 3531 488 3613 virgo
506 3531 611 3608 venit,
629 3533 721 3613 regis
738 3551 817 3615 quae
834 3548 962 3613 sponsa
978 3527 1139 3610 perennis

256 3628 454 3712 Virgineus,
472 3632 644 3713 paradise,
661 3633 713 3695 tui
730 3633 794 3695 sub
812 3630 941 3714 gaudia
959 3629 1056 3710 regni

291 3884 443 3948 ⁷Porendi.]
459 3889 572 3951 Petenti,
584 3888 621 3938 H.
783 3886 804 3920 ²³
812 3884 969 3958 Prophetia]
988 3887 1121 3940 Quomodo
1132 3888 1209 3937 abba·

293 3956 314 3989 ¹⁰
325 3959 467 4022 Regenda]
479 3959 615 4021 Regentes,
628 3958 665 4008 H.
749 3960 812 4010 tissa
834 3961 951 4010 Aelflaed
972 3960 1013 4009 vel
1035 3959 1122 4021 puella
1143 3960 1209 4022 ejus,

294 4027 314 4059 ¹⁸
327 4027 466 4096 Cuperem]
479 4029 615 4092 Cuperam,
628 4030 665 4079 Η.
750 4047 795 4093 per
813 4046 901 4080 zonam
920 4032 1002 4093 ipsius
1020 4032 1070 4079 sint
1088 4032 1120 4079 ab
1142 4031 1209 4078 infir-

293 4095 409 4148 92(Ἀπὐτ
438 4100 527 4163 ΧΧΙ.]
561 4101 613 4150 vit.
645 4102 718 4149 Pros.
749 4100 989 4164 mitatesanatae,H
999 4104 1022 4150 2.

260 4171 341 4232 capp.
353 4183 433 4220 xxm.
445 4183 519 4220 xxrv.
