2850 4890
442 379 494 426 nn
514 378 768 426 eccnnncrun
788 379 1039 427 nnrrsrrrnn.
1153 363 1215 428 211

262 537 373 603 cando
390 540 456 603 Dei
471 541 575 605 verbo
590 547 624 605 et
639 541 882 605 consecrandis
902 540 1073 624 mysteriis
1093 540 1216 605 coeles·

261 640 364 718 tibus,
393 661 434 705 ac
462 643 612 706 maxime
640 643 842 725 peragendis
872 644 962 708 sacri
995 642 1215 726 baptismatis

259 739 390 819 officiis,
414 743 472 806 nbi
494 745 733 825 opportunitas
758 745 930 827 ingruerit,
953 742 1127 808 insistant.
1172 743 1213 806 ln

259 863 329 924 qua
344 844 504 908 videlicet
517 845 760 926 praedicatione
776 847 914 929 populis
932 845 1136 923 exhibenda,
1150 844 1215 908 hoc

229 963 331 1024 sprae
353 945 474 1009 ceteris
495 945 588 1008 omni
606 947 774 1011 instantia
793 948 1042 1029 procurandum
1062 947 1216 1024 arbitror,

259 1052 298 1108 ut
322 1045 424 1110 fidem
451 1047 667 1128 catholicam,
692 1068 770 1131 qnae
801 1049 1033 1136 apostolorum
1060 1049 1215 1132 symbolo

257 1147 463 1227 continetur,
478 1156 513 1214 et
527 1149 746 1215 Dominicam
761 1152 961 1229 orationem,
979 1170 1084 1233 quam
1103 1150 1216 1214 sancti

258 1247 437 1332 Evangelii
460 1269 523 1315 nos
549 1252 720 1335 scriptura
735 1252 878 1332 edocet,
903 1252 1064 1329 omnium,
1087 1251 1145 1334 qui
1169 1249 1214 1315 ad

258 1357 352 1415 tuum
365 1353 512 1435 regimen
522 1355 705 1436 pertinent,
716 1354 888 1419 memoriae
900 1354 1066 1418 radicitus
1077 1352 1214 1434 infigere

216 1471 367 1518 recures.
412 1454 458 1518 Et
482 1455 620 1537 quidem
642 1474 770 1532 omnes,
797 1455 856 1539 qui
879 1454 1040 1519 Latinam
1061 1455 1213 1536 lingnam

257 1555 415 1620 lectionis
438 1576 504 1621 usu
526 1556 728 1635 didicerunt,
749 1556 854 1620 etiam
876 1555 951 1621 haec
976 1556 1103 1638 optime
1127 1555 1213 1619 didi-.

258 1657 348 1721 cisse
362 1657 588 1722 certissimum
602 1670 676 1738 est3
699 1658 760 1722 sed
775 1658 914 1735 idiotas
926 1656 990 1721 boc
1005 1665 1069 1733 est,
1081 1676 1140 1720 eos
1152 1657 1212 1741 qui

257 1758 403 1841 propriae
419 1766 551 1825 tantum
567 1760 695 1842 linguae
710 1759 868 1823 notitiam
887 1759 1026 1836 habent,
1041 1758 1115 1823 baec
1134 1759 1213 1841 ipsa

253 1881 318 1925 sua
327 1861 446 1944 lingua
456 1863 570 1928 dicere
584 1884 625 1927 ac
636 1863 756 1927 sedulo
768 1862 951 1926 decantare
960 1860 1075 1925 sacito.
1108 1858 1211 1939 Quod

214 1980 244 2024 ra
256 1981 324 2026 non
339 1963 451 2026 solum
468 1964 511 2028 de
531 1964 640 2041 laicis,
655 1964 690 2027 id
706 1970 770 2041 est,
783 1964 819 2026 in
834 1963 993 2046 populari
1008 1963 1120 2039 adhuc
1138 1963 1213 2027 vita

255 2065 464 2143 constitutis,
478 2085 593 2130 verum
610 2068 713 2131 etiam
729 2068 772 2131 de
788 2066 921 2130 clericis
936 2067 1009 2130 sive
1023 2065 1211 2143 monacbis,

256 2166 316 2248 qui
325 2165 461 2232 Latinae
476 2175 558 2232 sunt
571 2168 697 2250 linguae
709 2175 882 2249 expertes,
889 2167 984 2231 fieriu
992 2174 1115 2250 portet.
1152 2167 1210 2231 Sic

255 2269 345 2332 enim
365 2267 414 2346 fit,
428 2276 467 2334 ut
486 2279 598 2335 coetus
618 2271 729 2334 omnis
749 2270 899 2334 fidelium
914 2270 1085 2352 quomodo
1100 2269 1211 2332 fidelis

254 2388 343 2447 esse,
358 2390 428 2454 qua
440 2391 477 2436 se
490 2371 651 2436 firmitate
662 2371 822 2436 credendi
834 2378 952 2435 contra
961 2369 1211 2434 immundorum

209 2488 243 2533 ro
257 2471 437 2552 spirituum
452 2473 640 2537 certamina
655 2473 785 2536 munire
801 2481 906 2555 atque
921 2491 1054 2537 armare
1076 2472 1212 2551 debeat,

255 2571 387 2654 discat3
410 2573 472 2651 sic,
496 2580 536 2638 ut
556 2574 679 2638 chorus
705 2574 816 2638 omnis
843 2574 920 2638 Deo
942 2573 1211 2655 supplicantium

254 2673 337 2756 quid
357 2669 507 2738 maxime
528 2695 550 2740 a
571 2675 689 2739 divina
709 2673 891 2739 clementia
910 2674 1020 2757 quaeri
1042 2681 1211 2755 oporteat,

254 2781 430 2855 agnoscat.
469 2774 617 2858 Propter
627 2775 719 2858 quod
731 2782 767 2840 et
778 2777 852 2858 ipse
863 2776 980 2839 multis
992 2795 1085 2857 saepe
1098 2793 1211 2839 sacer·
1232 2848 1240 2861 .

253 2875 391 2939 dotibus
407 2876 524 2940 idiotis
539 2877 613 2942 haec
624 2883 780 2959 utraque,
792 2884 827 2940 et
837 2877 1028 2960 symbolum
1040 2875 1211 2954 videlicet,

210 2995 242 3041 rs
255 2984 290 3041 et
315 2977 532 3043 Dominicam
557 2979 758 3055 orationem,
787 2979 822 3041 in
847 2979 1000 3060 linguam
1022 2976 1209 3059 Anglorum

253 3080 456 3145 translatam
470 3081 590 3144 obtuli.
634 3080 731 3146 Nam·
747 3089 783 3145 et
802 3089 945 3145 sanctus
965 3080 1110 3144 antistes
1125 3078 1209 3143 Am-

252 3180 387 3245 brosius
413 3181 477 3246 boc
504 3181 545 3246 de
571 3182 638 3247 lide
665 3183 811 3265 loquens
839 3183 1011 3258 admonet,
1038 3188 1076 3245 nt
1103 3182 1208 3246 verba

252 3282 400 3365 symboli
428 3283 607 3347 matutinis
636 3302 770 3366 semper
799 3282 893 3347 horis
926 3282 1044 3351 fideles
1079 3280 1207 3365 quique

252 3384 448 3462 decantent,
465 3392 500 3448 et
517 3384 582 3448 hoe
598 3404 637 3448 se
651 3385 753 3468 quasi
767 3383 924 3447 antidoto
939 3383 1111 3466 spirituali
1126 3402 1208 3448 con-

208 3493 306 3550 aotra
331 3487 461 3552 diaboli
487 3506 630 3564 venena,
659 3505 737 3569 quae
761 3485 831 3550 illis
852 3485 1000 3551 interdiu
1023 3485 1078 3551 vel
1102 3492 1206 3548 noctu

252 3595 331 3652 astu
350 3589 500 3671 maligno
519 3588 666 3672 objicere
685 3595 815 3670 posset,
835 3585 1075 3670 praemuniant.
1120 3587 1207 3650 Ora·

251 3690 380 3754 tionem
407 3691 490 3756 vero
520 3689 738 3756 Dominicam
767 3691 896 3773 saepins
927 3690 1105 3754 decantari
1129 3689 1207 3771 ipsa

290 3963 303 3994 ²
317 3965 495 4030 Baptismutie]
506 3968 554 4016 We
562 3982 620 4028 may
628 3966 708 4017 hence
745 3972 789 4028 yet
805 3967 940 4016 embraced
956 3965 1134 4028 Christianity,
1154 3967 1205 4016 and

248 4035 314 4085 infer
323 4037 379 4087 that
391 4038 433 4087 the
443 4038 528 4086 whole
536 4037 565 4086 of
573 4038 616 4087 the
626 4053 707 4100 popu·
745 4039 801 4087 that
810 4038 880 4087 there
889 4052 942 4086 wne
951 4037 1068 4098 frequent
1076 4039 1204 4098 necessity

249 4107 336 4167 letion
349 4108 378 4156 of
392 4109 578 4158 Nerthumbria
594 4109 646 4158 bad
663 4114 708 4158 not
743 4109 773 4158 ol
781 4109 856 4158 adult
866 4108 987 4170 baptism.
