2850 4890
625 340 838 389 areaunrx.
1144 327 1209 391 241

252 488 321 558 siut,
345 489 461 569 scriptis
483 488 589 548 vestris
611 489 702 548 imbui
720 491 888 569 quaerimus,
905 500 935 550 et
954 491 991 550 de
1008 492 1063 552 hac
1086 492 1149 551 sive
1170 492 1207 552 de

252 575 318 633 aliis
339 573 517 654 praescriptis
536 575 624 633 rebus
641 575 764 655 pleniter
780 576 928 635 informari
947 578 1092 657 cupimus.
1136 576 1207 637 Nos

252 661 329 718 enim
351 680 398 728 ea,
418 679 484 738 quae
509 658 645 737 legimus,
667 669 697 719 et
721 661 871 719 observari
895 680 914 720 a
933 660 1071 721 fidelibus
1096 682 1207 739 cogno·

251 746 359 814 vimus,
380 764 439 804 non
457 743 647 823 increpando,
669 745 748 822 quod
763 747 850 816 absit,
872 746 959 806 vobis
984 745 1204 824 significamus;

207 847 223 888 5
250 829 304 888 sed
329 828 402 908 quid
425 828 633 887 rationabiliter
658 839 688 887 et
711 829 837 888 fideliter
862 851 949 910 super
976 831 1021 890 his
1049 832 1206 891 observare

252 913 425 983 debeamus,
443 914 625 992 requirimus.
671 912 711 972 Et
726 917 864 994 quoniam
883 936 939 975 non
958 915 1109 975 modicum
1129 936 1206 974 mur-

252 1019 317 1057 mur
340 998 505 1076 superbae
529 1019 560 1057 re
583 998 737 1059 nobiscum
763 1009 908 1071 versatur,
933 999 1004 1079 quid
1028 1001 1206 1080 respondere

252 1082 390 1142 fratribus
411 1090 442 1142 et
458 1085 645 1162 coepiscopis
665 1084 772 1143 nostris
788 1084 961 1155 debeamus,
976 1105 995 1144 a
1010 1086 1106 1155 vobis,
1121 1087 1207 1164 quasi

251 1169 393 1248 acapite,
415 1187 587 1247 responsum
611 1170 785 1246 quaerimus;
815 1191 852 1229 ne
877 1191 965 1250 super
990 1170 1036 1229 his
1065 1171 1206 1249 ancipites

210 1266 241 1311 10
254 1272 467 1322 remaneamus,
489 1260 541 1312 aut
561 1273 689 1311 murmur
710 1252 784 1312 illud
804 1262 865 1313 tam
887 1255 993 1316 vestris
1016 1256 1206 1333 temporibus,

252 1358 341 1418 quam
363 1337 500 1418 posteris,
523 1339 674 1397 internos
696 1346 747 1396 aut
769 1337 843 1398 alios
864 1348 1025 1410 remaneat,
1052 1359 1207 1418 rumorque

252 1432 363 1492 vester,
385 1423 435 1501 qui
456 1442 571 1502 semper
590 1423 684 1482 bonus
702 1431 733 1481 et
747 1424 874 1502 optimus
893 1424 959 1494 fuit,
977 1424 1205 1484 detractionibus

252 1508 409 1577 laceretur,
436 1506 484 1566 vel
517 1508 706 1586 subrogetur;
744 1519 796 1566 aut
822 1528 928 1568 nomen
956 1519 1097 1580 vestrum,
1126 1509 1206 1588 quod

253 1593 341 1662 absit,
365 1593 637 1672 supervenientibus
661 1592 841 1671 temporibus
864 1594 1093 1672 blasphemetur.
1136 1594 1206 1654 Nos

209 1691 240 1735 16
253 1677 329 1736 enim
344 1697 411 1755 quae
422 1687 504 1736 recta
515 1685 592 1750 sunt,
604 1687 724 1735 auctore
736 1676 815 1747 Deo,
826 1677 928 1736 humili
941 1678 1030 1737 corde
1041 1689 1205 1749 servantes,

252 1783 311 1822 uno
325 1762 445 1821 vinculo
466 1762 596 1821 caritatis
610 1763 697 1821 vobis
715 1763 878 1833 constricti,
894 1773 1022 1823 vestram
1036 1763 1206 1842 religionem

252 1848 281 1906 in
299 1848 444 1917 omnibus,
464 1857 497 1906 ut
515 1845 618 1905 fideles
640 1847 748 1906 alumni
767 1846 971 1918 defendentes,
987 1868 1005 1906 a
1022 1849 1119 1918 vobis,
1138 1869 1205 1928 quae

252 1940 336 1992 recta
356 1940 424 1991 suut
443 1931 622 2012 quaerimus;
651 1932 761 1991 scimus
786 1932 863 1991 enim
888 1940 920 1992 ut
945 1953 1064 2014 semper
1091 1946 1202 1995 sanctae

251 2017 333 2077 sedis
352 2018 495 2097 praesules
512 2017 603 2096 primo
622 2017 761 2097 apostoli,
776 2015 882 2076 deiude
902 2039 1090 2078 successores
1105 2040 1207 2078 eorum

207 2117 240 2162 20
251 2102 393 2172 fecerunt,
404 2123 458 2162 vos
470 2101 641 2161 universalis
653 2101 802 2172 ecclesiae,
813 2111 843 2160 et
853 2104 977 2162 maxime
988 2104 1206 2183 episcoporum,

252 2188 303 2268 qui
324 2188 402 2246 oculi
419 2195 537 2266 propter
558 2187 834 2267 contemplationem
855 2196 886 2246 et
902 2189 1134 2268 speculationem
1153 2210 1205 2249 vo·

253 2281 357 2333 cantur
382 2272 515 2342 Domini,
538 2291 638 2331 curam
664 2292 773 2350 gerere,
796 2292 833 2330 ao
857 2271 896 2331 de
920 2273 1059 2351 religione
1083 2282 1114 2332 et
1141 2273 1206 2352 lege

252 2366 353 2417 nostra
372 2356 491 2416 assidue
510 2357 650 2434 cogitare,
669 2358 746 2417 siout
767 2358 907 2436 scriptum
926 2365 983 2428 est,
998 2364 1007 2391 ⁴
1024 2357 1137 2417 Beatus
1156 2360 1206 2436 qui

253 2443 442 2502 meditabitur
466 2442 495 2499 in
517 2442 583 2519 lege
605 2442 726 2502 Domini
745 2441 793 2501 die
814 2462 851 2501 ao
870 2442 977 2501 nocte!
1019 2442 1098 2508 Quae
1115 2442 1206 2502 medi-

208 2541 241 2585 25
254 2529 337 2597 tatio,
356 2548 414 2588 nou
435 2527 561 2587 lectione
590 2548 641 2607 per
667 2526 791 2605 figuram
816 2528 976 2586 litterarum
1000 2535 1112 2586 tantum
1136 2547 1206 2587 oon·

254 2623 368 2693 specta,
390 2611 444 2670 sed
463 2614 642 2671 exuberante
658 2612 687 2670 in
703 2612 786 2671 vobis
809 2611 919 2671 Christi
938 2613 1041 2689 gratia,
1062 2612 1091 2670 in
1107 2621 1208 2672 vestra

254 2698 443 2776 cognoscitur
465 2697 646 2756 conscientia
670 2697 856 2756 immobiliter
882 2697 978 2756 insita.
1023 2696 1206 2756 Nullatenus

253 2780 291 2841 de
301 2791 400 2842 vestro
411 2780 501 2841 corde
513 2781 668 2840 recedente
678 2782 743 2858 lege
753 2781 863 2840 Christi
875 2781 995 2842 Domini
1006 2790 1207 2859 sacrosancta,

253 2868 331 2927 sicut
357 2870 387 2926 in
409 2866 531 2946 psalmis
556 2865 629 2925 dicit
648 2868 803 2946 propheta,
828 2866 898 2925 ‘Os
920 2865 997 2945 justi
1020 2866 1208 2925 meditabitur

210 2966 242 3010 au
253 2953 437 3032 sapientiam,
464 2960 494 3010 et
516 2950 616 3029 lingua
636 2954 701 3029 ejus
726 2951 862 3030 loquetur
883 2950 1049 3029 judicium3
1075 2951 1125 3010 lex
1147 2951 1206 3009 Dei

253 3040 318 3116 ejus
337 3037 367 3095 in
386 3034 475 3096 corde
489 3036 603 3115 ipsius,’
618 3057 675 3095 nou
691 3044 853 3096 atramento
868 3035 923 3094 sed
941 3035 1051 3115 Spiritu
1071 3035 1131 3095 Dei
1147 3037 1207 3096 vivi

252 3123 358 3182 vestn's
372 3122 399 3179 in
411 3122 526 3180 arcanis
538 3122 721 3200 conscripta;
743 3141 802 3180 non
813 3121 900 3199 igitur
910 3119 938 3178 in
950 3120 1059 3180 tabulis
1070 3119 1207 3200 lapideis,

254 3207 350 3267 sedin
365 3205 475 3265 tabulis
490 3205 598 3265 cordis.
640 3206 848 3283 Extinguatur‚
864 3226 992 3276 oramus,
1007 3207 1114 3265 vestris
1129 3208 1208 3286 sapi·

253 3292 412 3352 entissimis
428 3292 577 3370 responsis
595 3300 626 3350 et
640 3291 757 3350 auxiliis
775 3293 870 3352 omnis
888 3292 1072 3350 tenebrarum
1091 3291 1206 3369 calig03

210 3392 241 3438 aa
254 3388 287 3438 ut
299 3375 403 3435 lucifer
417 3377 503 3435 nobis
519 3375 708 3456 resplendeat
721 3396 773 3455 per
790 3397 855 3446 vos,
871 3377 1055 3436 sanctissime
1071 3385 1165 3456 pater,
1179 3385 1210 3435 et

252 3462 422 3540 dogmatica
436 3460 566 3521 definitio
581 3481 682 3520 omues
693 3461 803 3540 ubique
814 3461 986 3529 laetificans;
1009 3462 1079 3540 quia
1089 3462 1209 3540 gloriosi

253 3557 365 3606 sanctae
390 3547 527 3605 ecclesiae
547 3555 647 3625 patres
671 3547 789 3625 propria
812 3558 843 3605 et
862 3548 997 3626 piissima
1018 3544 1160 3624 dogmata
1179 3547 1209 3604 in

253 3639 369 3691 aeterua
384 3632 453 3690 vitae
467 3630 580 3690 firmam
594 3631 785 3690 hereditatem
797 3632 976 3712 praedicasse
987 3640 1157 3690 noscuntur.

294 3716 478 3776 Incolumem
493 3737 548 3775 vos
566 3725 596 3775 et
615 3716 683 3775 Deo
704 3717 855 3796 placitum,
869 3725 971 3775 sancte
986 3724 1068 3796 pater
1082 3725 1208 3795 patrum,

209 3809 383 3863 morantem
397 3822 451 3881 pro
464 3802 548 3861 nobis
564 3800 710 3859 Dominus
725 3801 875 3861 custodiat
888 3802 916 3859 in
932 3821 1038 3862 aevum.
1080 3799 1191 3859 Amen.

554 4058 575 4088 ²³
590 4055 703 4128 Beatus]
730 4061 776 4110 Pa.
789 4060 809 4109 i.
825 4063 848 4123 l,
861 4063 885 4108 2.

299 4146 389 4192 ΤΟΜ.
407 4146 447 4192 ΙΙ.
929 4142 952 4188 R
