2850 4890
281 369 345 443 144
570 384 661 431 vira
680 384 709 437 s,
729 379 951 442 innumeri,

108 559 250 611 husus.
281 561 344 606 nec
365 540 475 606 solum
496 560 583 624 opus
604 542 815 624 postulatum
838 538 1106 623 compleverunt,
1126 537 1185 603 sed
1207 545 1242 601 et

177 716 186 730 ο
281 643 467 725 Anglorum
483 663 528 707 ex
543 662 583 707 eo
596 650 729 725 gentem
741 640 938 725 hujusmodi
949 639 1130 704 artificium
1139 658 1241 702 nosse

282 764 324 810 ac
349 744 479 808 discere
500 743 672 824 fecerunt3
696 742 877 807 artificium
899 741 1057 804 nimirum
1079 740 1135 803 vel
1157 739 1242 804 lam·

282 845 383 929 padis
406 845 562 909 ecclesiae
588 846 759 922 claustris,
783 843 838 908 vel
862 862 1026 908 vasorum
1045 841 1241 906 multifariis

281 948 413 1024 usibus,
442 966 512 1010 non
540 946 734 1028 ignobiliter
761 953 892 1029 aptum.
948 942 1017 1008 Sed
1044 950 1081 1008 et
1105 949 1280 1020 cunctas

282 1069 360 1131 quae
387 1048 430 1112 ad
456 1048 577 1113 altaris
598 1056 634 1112 et
652 1048 807 1112 ecclesiae
831 1047 1052 1110 ministerium
1072 1052 1244 1126 compete-

282 1151 378 1227 bant,
392 1169 479 1214 vasa
494 1157 627 1229 sancta,
640 1150 695 1215 vel
710 1149 927 1227 vestimenta,
940 1149 1023 1232 quia
1036 1145 1130 1210 domi
1148 1147 1243 1211 inve·

282 1252 354 1316 nire
368 1270 437 1314 non
452 1251 575 1333 potuit,
596 1251 638 1315 de
656 1251 895 1315 transmarinis
910 1249 1103 1332 regionibus
1119 1248 1243 1312 advec-

283 1359 355 1417 tare
369 1352 549 1434 religiosus
565 1358 673 1415 emtor
687 1353 841 1416 curabat.

328 1454 346 1538 ᾖ
359 1453 391 1518 6.
413 1452 459 1516 Et
478 1460 516 1516 ut
531 1472 574 1517 ea
588 1472 736 1535 quoque,
751 1472 830 1536 quae
845 1471 908 1517 nec
924 1451 960 1515 in
975 1449 1093 1516 Gallia
1106 1448 1242 1533 quidem
1253 1467 1281 1511 ro

283 1554 423 1637 reperiri
438 1553 612 1631 valebant,
627 1553 796 1617 Romanis
811 1573 831 1617 e
846 1553 970 1616 finibus
985 1551 1142 1617 eeclesiae
1157 1570 1231 1615 suae

182 1666 188 1678 '
282 1657 445 1739 provisor,
462 1655 604 1737 impiger
629 1661 829 1718 ornamenta
853 1654 909 1718 vel
929 1654 1140 1716 munimenta
1164 1671 1244 1716 con-

283 1758 395 1835 ferret,
410 1766 533 1839 quarta
553 1757 623 1834 illo,
637 1769 718 1839 post
734 1756 960 1838 compositum
970 1754 1075 1838 juxta
1092 1753 1243 1835 regulam

282 1857 537 1935 monasterium,
564 1857 774 1939 profectione
800 1857 981 1938 completa,
1004 1855 1245 1938 multipliciore

284 1977 387 2041 quam
412 1959 507 2041 prius
530 1957 760 2041 spiritualium
783 1957 945 2022 mercium
970 1956 1102 2019 foenore
1127 1975 1282 2020 cumn-1⁵

283 2061 377 2124 latus
408 2060 518 2123 rediit.
563 2059 692 2137 Primo,
720 2059 813 2142 quod
840 2058 1119 2122 innumerabilem
1142 2058 1244 2123 libro·

283 2181 357 2226 rum
385 2162 494 2225 omnis
522 2161 654 2242 generis
681 2160 817 2242 copiam
840 2159 1053 2242 apportavit3
1082 2159 1245 2237 secundo,

284 2263 377 2346 quod
397 2262 614 2345 reliquiarum
640 2263 820 2326 beatorum
842 2260 1088 2344 Apostolorum
1117 2269 1245 2346 marty·

284 2384 425 2447 rumque
440 2364 569 2428 Christi
585 2364 815 2428 abundantem
830 2365 973 2446 gratiam
988 2363 1104 2428 multis
1114 2363 1245 2447 Anglo-

283 2486 358 2530 rum
388 2466 543 2531 ecclesiis
572 2464 788 2548 profuturam
819 2465 981 2546 advexit3
1008 2467 1121 2544 tertio,
1149 2467 1242 2550 quod
1255 2485 1285 2530 ao

283 2568 436 2632 ordinem
457 2567 631 2644 cantandi,
644 2562 825 2649 psallendi,
841 2572 946 2650 atque
959 2567 996 2631 in
1015 2567 1163 2632 ecclesia
1182 2568 1244 2632 mi-

283 2668 464 2747 nistrandi,
477 2669 583 2753 juxta
600 2687 726 2732 morem
747 2668 916 2733 Romanae
935 2668 1161 2733 institutionis
1179 2688 1244 2733 suo

282 2772 491 2835 monasterio
518 2769 736 2848 contradidit,
759 2770 935 2851 postulato
950 2769 1117 2839 uidelicet
1140 2777 1245 2854 atque

283 2881 427 2955 accepto
448 2875 492 2936 ab
511 2872 694 2956 Agathone
714 2891 809 2955 papa
832 2871 1067 2936 archicantore
1087 2872 1245 2938 ecclesiae

282 2975 376 3040 beati
395 2974 564 3058 ‚Apostoli
590 2972 684 3038 Petri
711 2981 748 3037 et
776 2973 901 3037 abbate
928 2973 1126 3038 monasterii
1151 2975 1285 3040 beatiss

283 3075 428 3142 Martini
455 3076 479 3140 J
481 3077 627 3154 ohanne,
656 3096 758 3159 quem
787 3076 842 3140 sui
867 3075 1017 3139 futurum
1042 3077 1245 3158 magistrum

281 3178 481 3242 monasterii
496 3178 696 3254 Brittanias,
712 3177 905 3241 Romanum
916 3175 1037 3260 Anglis
1047 3178 1244 3245 adduceret.

284 3276 355 3356 Qui
383 3279 444 3342 illo
469 3278 684 3360 perveniens,
708 3297 778 3340 non
803 3277 915 3342 solum
942 3280 1025 3344 viva
1046 3298 1142 3358 voce,
1165 3302 1245 3364 quae

284 3379 405 3443 Romae
428 3379 559 3457 didicit,
587 3379 825 3444 ecclesiastica
848 3379 1061 3446 discentibus
1082 3383 1244 3466 tradidit3

281 3481 342 3545 sed
366 3487 401 3544 et
426 3499 495 3544 non
518 3501 630 3563 pauca
654 3481 758 3546 etiam
778 3482 885 3546 literis
910 3483 1074 3548 mandata
1094 3485 1285 3568 reliquium

282 3600 360 3663 quae
386 3580 553 3646 hactenus
580 3583 617 3646 in
643 3583 796 3667 ejusdem
815 3586 1015 3649 monasterii
1035 3586 1244 3654 bibliotheca

281 3683 451 3771 memoriae
471 3684 583 3766 gratia
602 3693 791 3750 servantur.
836 3685 1018 3765 Quartum,
1034 3688 1244 3755 Benedictus

324 3930 334 3960 ³
351 3934 498 3997 lampadis]
536 3936 671 3998 limpidis,
687 3937 745 3985 Ma·
778 3939 908 3999 presently
919 3940 1064 3988 mentioued
1082 3941 1108 3988 in
1124 3945 1243 4006 conjunc·

282 4003 340 4051 bill.
352 4019 403 4053 sec.
416 4005 445 4053 ii.
458 4020 485 4067 p.
502 4008 576 4056 1004.
779 4010 832 4057 tion
849 4009 912 4057 with
926 4011 955 4070 it,
968 4010 1063 4071 having
1079 4011 1143 4060 been
1156 4028 1243 4063 conse-

316 4071 335 4101 ¹³
354 4071 469 4142 Quarta]
505 4076 569 4124 This
584 4078 745 4137 expedition
778 4081 867 4128 crated
885 4095 916 4128 on
934 4084 965 4128 2⁷
981 4080 1051 4130 June
1067 4081 1093 4128 in
1107 4081 1164 4132 that
1174 4098 1243 4145 year.

280 4143 376 4192 should
393 4146 519 4207 probably
537 4147 569 4196 be
588 4147 700 4196 referred
719 4153 745 4197 to
779 4150 827 4198 See
840 4151 917 4212 Pagi,
930 4151 963 4198 ad
980 4165 1038 4201 ann.
1051 4153 1065 4214 §
1077 4155 1101 4200 2.

280 4214 324 4262 the
349 4229 411 4274 year
430 4220 488 4279 678,
511 4216 623 4281 Agatho,
645 4219 705 4268 who
723 4220 745 4268 is
814 4215 979 4289 ”dobuanel
1006 4222 1054 4271 See
1068 4222 1104 4272 H.
1115 4223 1189 4273 E.iv.
1204 4227 1242 4272 18.
