2850 4890
205 337 272 402 316
583 350 794 399 nrnnumx.

208 497 279 578 quia
303 495 369 556 haec
394 505 424 554 et
447 495 512 556 haec
536 495 711 572 (nominavit
730 494 808 554 enirn
836 495 872 553 ea
896 514 966 574 quae
989 493 1111 571 tulerat)
1138 489 1165 553 in

208 582 385 640 monasterio
408 581 498 640 furari
524 579 699 661 praesumsi?
743 580 839 639 Talia
857 579 885 638 in
910 580 1089 639 monasterio
1109 581 1166 638 huc

209 676 240 724 et
253 667 323 725 illuc
339 666 506 726 discurrens
521 675 609 746 atque
623 665 782 736 insaniens,
791 665 862 724 dum
875 665 941 724 sine
954 665 1165 724 intermissione

208 751 429 822 vociferaretur,
447 752 554 811 invitus
570 750 638 811 inde
660 751 699 811 ad
719 751 878 830 hospitium
900 749 1069 821 adducitur,
1083 750 1166 810 loris-

208 857 268 916 que
295 836 419 896 fortibus
447 838 662 916 constringitur,
692 838 841 917 quoniam,
868 834 1014 915 quidquid
1044 856 1093 894 ore
1117 837 1164 896 vel
1190 853 1203 896 ⁵

209 922 342 981 manibus
364 922 585 1001 adprehendere
612 930 739 1002 poterat,
760 921 843 982 velut
865 921 948 981 canis
973 920 1164 980 dilacerabat.

208 1007 345 1086 Cumque
363 1017 422 1068 tres
441 1008 503 1068 sive
521 1013 647 1088 quatuor
665 1015 768 1067 noctes
789 1009 818 1066 in
839 1007 891 1066 tali
911 1015 1057 1066 tormento
1074 1026 1165 1084 agens

208 1093 236 1150 in
266 1092 354 1153 boras
387 1093 481 1171 magis
512 1093 665 1173 magisque
696 1093 847 1163 insaniret,
878 1090 1009 1162 tandem,
1042 1092 1166 1171 qualiter

207 1178 320 1248 nescio,
343 1178 503 1239 avinculis
519 1179 639 1258 elapsus
657 1178 686 1237 in
704 1177 913 1237 monasterium
932 1176 1014 1236 iuriis
1036 1178 1164 1255 agitatus

206 1265 345 1343 prorupit.
390 1263 509 1324 Corruit
527 1283 646 1345 quoque
670 1281 741 1322 mox
764 1283 863 1323 coram
881 1262 984 1321 dilecti
1005 1260 1075 1322 Deo
1096 1278 1204 1323 con-1⁰

206 1348 328 1408 fessonis
353 1351 465 1420 tumba,
490 1357 520 1408 et
543 1350 612 1409 dum
635 1349 742 1408 chorus
772 1349 842 1416 ‘Te
865 1348 964 1407 Deum
991 1347 1164 1407 laudamus'

206 1437 287 1512 (nam
302 1442 451 1495 nocturnae
465 1435 578 1494 interim
599 1434 703 1494 laudes
718 1435 906 1512 agebantur,)
920 1443 1100 1513 personaret,
1115 1433 1164 1493 ille

206 1518 347 1579 ululando
374 1529 405 1580 et
427 1520 601 1580 horribiliter
624 1519 780 1580 clamando
804 1539 872 1600 quae
896 1539 986 1598 supra
1012 1519 1165 1599 posuimus

205 1605 373 1683 frequenter
399 1606 525 1676 iteravit,
553 1606 599 1665 his
628 1625 746 1685 qnoque
774 1605 833 1664 alia
856 1603 995 1685 quaedam
1022 1603 1164 1684 superad-

200 1690 320 1767 jiciens.
373 1689 456 1750 Nam
484 1711 550 1751 cunr
581 1690 732 1762 clamaret,
761 1696 769 1722 ‘
794 1690 937 1749 Miserere
961 1689 1030 1759 mei,
1060 1697 1163 1749 sancte
1174 1704 1202 1749 15

205 1775 400 1835 Cuthberte!'
419 1776 541 1856 adjecit,
563 1775 640 1836 ‘sed
664 1777 735 1856 quia
757 1794 816 1834 nou
840 1776 886 1835 vis
905 1774 981 1845 scio,
1003 1783 1163 1854 postquam

205 1880 252 1919 me
275 1869 326 1920 tuo
347 1862 455 1921 baculo
472 1871 533 1921 tam
554 1861 680 1940 graviter
701 1861 862 1941 impulisti?
905 1859 1069 1919 Fatebatur
1087 1861 1163 1920 enim

204 1946 422 2006 sanctissimum
437 1946 637 2006 confessorem
651 1958 794 2006 nocturna
808 1945 920 2005 visione
935 1944 1020 2004 adse
1034 1946 1163 2016 venisse,

205 2049 371 2109 magnaque
394 2031 593 2111 indignatione
616 2042 673 2091 tres
699 2032 754 2091 sibi
779 2031 921 2091 inflixisse
945 2032 1023 2090 ictus
1048 2051 1164 2109 graves,

206 2136 330 2195 quorum
348 2116 450 2176 dolore
467 2137 520 2177 eor
538 2137 623 2177 suum
639 2119 704 2196 jam
722 2126 891 2198 penetrante
908 2116 946 2175 ad
963 2123 1088 2175 mortem
1106 2126 1163 2176 tor·
1174 2132 1204 2176 au

207 2209 353 2280 queretur.
412 2201 493 2263 Haec
522 2211 610 2282 atque
638 2202 808 2282 hujusmodi
836 2202 920 2282 plura
947 2200 1018 2259 dum
1046 2204 1164 2261 vesanis

204 2287 334 2346 motibus
363 2296 452 2366 atque
476 2289 654 2349 clamoribus
678 2288 886 2366 frequentaret,
910 2287 939 2345 in
964 2286 1070 2345 eodem
1096 2288 1164 2346 loco

206 2393 276 2432 mox
303 2373 357 2433 toti
386 2393 509 2454 corpore
538 2373 728 2443 contrahitur,
759 2374 924 2454 miseraque
952 2370 1031 2430 illius
1067 2375 1164 2433 anima

205 2459 380 2518 aeternaliter
394 2479 497 2518 arsura
509 2458 577 2517 inde
592 2460 778 2518 abstrahitur.

248 2549 326 2617 §39.
351 2543 413 2602 Ubi
432 2554 531 2604 autem
550 2544 629 2624 prius
644 2547 783 2623 jacuerat
801 2542 942 2602 miracula
959 2561 1116 2601 coruscare
1136 2547 1204 2600 etat

205 2627 309 2687 infirmi
329 2630 485 2689 sanitatem
503 2639 653 2708 coeperunt
670 2649 853 2709 recuperare.
897 2628 1062 2687 Transaeto
1083 2645 1164 2684 nem-

205 2734 263 2789 que
291 2723 421 2795 tempore
450 2735 506 2775 non
540 2736 644 2795 parvo,
672 2715 781 2775 femina
809 2713 946 2794 quaedam
974 2712 1012 2771 de
1045 2713 1163 2770 natione

207 2798 387 2870 Scottorum,
410 2808 473 2860 toto
496 2821 619 2880 corpore
641 2801 679 2860 ab
701 2800 822 2860 infantia
845 2799 963 2867 debilis,
984 2796 1163 2858 Dunelmum

205 2883 300 2945 luerat
319 2885 472 2964 perducta,
487 2888 572 2964 cujus
590 2887 714 2946 miseriae
732 2906 818 2946 nemo
837 2895 897 2945 tam
914 2884 1090 2943 inhumanus
1114 2882 1164 2961 qui

207 2990 263 3028 non
290 2980 394 3050 posset
422 2972 588 3031 condolere.
640 2970 744 3031 Pedes
772 2991 899 3049 namque
927 2977 957 3029 et
983 2967 1070 3027 crura
1096 2975 1166 3047 post
1175 2983 1205 3028 au

207 3065 322 3133 tergum
349 3065 457 3116 retorta
486 3065 557 3137 post
586 3076 618 3115 se
653 3058 798 3128 trahebat,
832 3064 922 3134 atque
953 3055 995 3113 ita
1029 3054 1165 3112 manibus

207 3141 349 3219 reptando
364 3142 401 3201 de
416 3143 485 3201 loco
501 3142 539 3201 ad
560 3141 659 3200 locum
679 3163 712 3201 se
731 3140 899 3202 miseranda
914 3139 1038 3198 serebat.
1084 3138 1165 3197 Con-

207 3226 272 3304 tigit
293 3236 391 3285 autem
413 3236 445 3286 ut
466 3227 505 3288 ad
528 3226 681 3307 praefatum
699 3228 809 3296 locum,
831 3227 881 3284 uhi
901 3233 1036 3284 sanctum
1056 3243 1165 3303 corpus

207 3312 310 3390 paucis
333 3311 440 3372 diebus
464 3314 658 3392 requieverat,
683 3311 858 3371 miserabilis
883 3311 935 3369 illa
962 3331 995 3370 se
1020 3308 1165 3368 trahendo

207 3397 381 3475 perveniret.
438 3399 502 3458 Ubi
531 3419 563 3458 se
591 3399 620 3457 in
649 3419 734 3458 suum
761 3397 901 3466 officium,
929 3395 1205 3474 retorquentibustt

205 3482 313 3554 nervis,
342 3485 440 3544 subito
468 3485 519 3544 illa
547 3485 665 3544 exsilire
693 3485 793 3564 coepit,
817 3492 848 3542 et
867 3482 968 3541 rursus
991 3480 1029 3540 ad
1057 3489 1165 3539 terram

238 3796 257 3826 ²⁵
278 3799 480 3862 Ubiautem.]S.
493 3800 613 3849 Dunelm.
625 3814 665 3848 111.
700 3799 787 3847 tioned
824 3800 912 3847 would
943 3815 1041 3862 appear
1074 3805 1100 3848 to
1131 3802 1162 3850 be

203 3870 240 3917 iii.
700 3866 883 3930 ‘ssWcrdelau
898 3870 985 3919 where
998 3871 1042 3918 the
1054 3871 1123 3932 body
1137 3872 1166 3920 os

239 3937 259 3966 ω
276 3939 513 4002 Praefutumloeum]
534 3940 608 3987 From
622 3939 664 3988 the
700 3941 825 3989 Cuthbert
853 3941 939 3989 rested
968 3941 1054 3990 before
1085 3943 1162 4005 being

204 4010 314 4068 position
339 4011 368 4058 os
388 4010 440 4058 this
461 4010 594 4071 chapter'
587 4026 613 4058 rn
638 4011 664 4059 S.
699 4010 896 4072 convcyedintn
910 4013 1034 4063 Durham.

205 4080 324 4129 Dunelm.
345 4081 388 4129 tbe
414 4081 488 4142 place
510 4082 570 4129 bere
595 4095 663 4129 men·
