2850 4890
273 333 337 397 288
644 352 858 399 aresunrx.

100 501 246 554 Α.1).878.
275 494 390 566 diebus,
422 497 502 576 apud
536 504 663 557 montem
691 497 873 557 Assandune
901 498 992 556 totius
1027 497 1116 577 hujus
1148 506 1230 559 terrae

276 592 429 641 concurret
457 584 615 653 exercitus,
643 592 672 642 te
700 584 781 643 velut
803 603 900 660 regem
928 604 1015 643 suum
1041 584 1070 642 in
1098 583 1230 645 adversis

274 668 360 726 simul
375 675 405 725 et
418 671 568 748 prosperis
588 669 671 748 sequi
691 669 910 748 paratissimus;
936 671 986 728 ubi
1006 689 1075 728 cum
1096 670 1229 732 hostibus

274 753 344 812 inito
365 756 522 814 certamine
541 755 635 814 victor
654 756 756 835 procul
774 755 865 813 dubio
884 754 962 813 eris.'
1004 754 1087 815 Haec
1110 768 1230 817 sanctus

273 839 323 896 ubi
342 837 490 909 disseruit,
507 841 636 899 mirantis
653 842 691 900 ab
711 840 806 899 oculis
826 841 892 919 ipso
911 860 979 900 cum
1001 840 1111 900 lumine
1131 841 1230 923 dispa-
1254 861 1266 903 5

272 925 337 983 ruit.
384 926 522 985 Elfredus
544 935 642 985 autem
666 926 703 985 de
726 926 871 996 omnibus,
893 946 960 1005 quae
981 927 1126 998 audierat,
1150 949 1229 988 com-

271 1008 386 1088 plendis
421 1013 612 1082 certissimus,
642 1012 720 1071 illius
753 1033 785 1070 se
816 1012 978 1091 patrocinio
1011 1014 1230 1075 commendavit

271 1096 419 1156 attentius.

95 1191 140 1232 rue
150 1195 214 1234 neure
222 1197 246 1234 or
314 1188 366 1255 54.
390 1181 534 1260 Surgente
551 1201 666 1252 aurora,
682 1181 733 1241 illo
751 1183 838 1242 solito
853 1183 956 1260 agilior
972 1181 1011 1241 ad
1030 1183 1113 1243 littus
1134 1206 1228 1264 usque

97 1242 226 1293 *mmm
271 1269 444 1346 perveniens
468 1269 556 1346 jussa
584 1269 763 1347 exsequitur.
818 1269 911 1328 Tubae
936 1270 1029 1348 ipsius
1056 1270 1225 1348 clangorem
1238 1287 1264 1331 ιο

270 1352 379 1412 inimici
400 1354 508 1432 pariter
533 1363 563 1414 et
585 1353 671 1413 amici
692 1353 825 1423 audiunt,
850 1362 880 1413 et
902 1353 940 1412 de
962 1354 1067 1414 amicis
1093 1356 1228 1417 meliores

270 1439 421 1518 quingenti
449 1440 531 1498 annis
553 1440 736 1498 munitissimi
764 1440 952 1499 conveniunt.
998 1440 1052 1499 Ad
1077 1462 1154 1520 quos
1179 1443 1226 1502 ille

271 1525 392 1584 visionis
425 1524 556 1583 ordinem
590 1525 732 1605 pandens,
761 1533 769 1559 ‘
794 1524 909 1595 Nunc,'
940 1525 1044 1605 inquit,
1074 1527 1226 1589 ‘vidimus

270 1619 379 1689 quanta
393 1620 528 1690 parentes
545 1613 647 1678 nostri,
662 1619 798 1689 parentes
812 1613 876 1689 jam
896 1609 1040 1681 defuncti,
1056 1632 1075 1670 a
1092 1613 1226 1674 barbaris

268 1703 413 1756 tormenta
434 1717 487 1776 pro
512 1696 574 1755 suis
599 1697 765 1775 nostrisque
789 1695 910 1755 offensis
926 1698 1013 1774 justo
1035 1696 1098 1756 Dei
1109 1699 1263 1776 judiciale

268 1782 450 1860 pertulerint;
474 1791 503 1841 et
517 1802 570 1840 nos
584 1782 703 1861 quidem
719 1781 757 1840 ad
772 1782 878 1840 similia
892 1781 942 1841 diu
956 1790 1107 1861 noctuque
1122 1787 1226 1865 exqui-

267 1867 365 1937 rimur,
381 1888 435 1926 nec
451 1867 540 1926 ullum
549 1869 614 1946 jam
629 1876 723 1928 tutum
736 1866 816 1945 fugae
830 1867 929 1926 locum
942 1868 1097 1930 habemus.
1134 1869 1226 1950 Rogo

266 1951 366 2030 itaque
387 1954 504 2011 monitis
529 1955 623 2013 sancti
646 1953 799 2013 Cutbberti
820 1953 983 2012 defensoris
1004 1954 1097 2013 nostri
1121 1957 1223 2016 obedi·

268 2055 363 2103 amus,
386 2038 453 2097 Deo
472 2036 577 2098 fideles
602 2040 790 2107 exsistamus,
812 2039 884 2097 vitia
902 2039 1061 2117 fugiamus,
1083 2041 1223 2102 virtutum

267 2124 407 2182 exercitia
431 2122 599 2201 diligamus,
622 2126 665 2184 sic
684 2125 817 2203 profecto
838 2124 1017 2185 defensionis
1039 2127 1262 2205 experiemurto

266 2209 374 2288 ubique
404 2211 616 2289 patrocinium?
668 2211 842 2269 Promissus
871 2210 998 2290 denique
1025 2212 1115 2271 totius
1140 2221 1223 2275 terrae

266 2296 412 2354 exercitus
435 2315 502 2355 cum
526 2295 649 2354 Elfredo
672 2296 711 2355 ad
731 2294 903 2376 praedictum
925 2306 1053 2356 montem
1078 2299 1223 2377 praedicta

266 2379 313 2439 die
333 2382 487 2448 convenit;
510 2401 565 2440 nec
584 2383 679 2441 minus
694 2403 732 2440 ex
747 2381 873 2441 adverso
889 2381 987 2440 feralis
1004 2382 1055 2440 illa
1070 2383 1222 2446 barbaries

264 2465 384 2527 infinitae
407 2487 468 2526 suae
497 2467 673 2526 multitudini
702 2468 906 2547 prioribusque
931 2468 1086 2527 eventibus
1108 2470 1223 2532 confisa

266 2554 401 2612 accurrit.
447 2553 495 2611 Fit
525 2554 624 2612 statim
652 2552 690 2612 ad
717 2552 909 2633 proeliandum
942 2573 1132 2631 congressus,
1167 2559 1221 2617 sed
1230 2576 1257 2620 2⁵

266 2638 367 2717 dispar
390 2639 578 2718 pugnantium
602 2648 736 2698 eventus.
781 2639 866 2698 Hinc
886 2659 1012 2718 namque
1034 2638 1221 2703 Christianus

266 2744 354 2803 quam
383 2724 502 2783 salubre
530 2725 568 2782 sit
594 2725 622 2782 in
651 2724 764 2783 coelesti
793 2723 884 2783 fidere
912 2725 1023 2784 auxilio
1047 2730 1222 2806 comprobat

265 2808 481 2877 interficiendo;
504 2809 584 2868 illinc
594 2811 737 2888 Paganus
752 2831 840 2888 quam
851 2809 1028 2870 detestabile
1038 2812 1078 2870 sit
1091 2813 1218 2875 humana

264 2915 440 2975 praesumere
475 2896 612 2974 superbia
643 2897 789 2976 experitur
818 2895 963 2955 cadendo.
1016 2896 1091 2956 Hoc
1118 2900 1218 2980 itaque

264 2982 366 3060 proelio
381 2982 494 3061 absque
508 2981 682 3041 detrimento
696 2982 742 3040 sui
756 2983 903 3041 exercitus
919 2982 1068 3052 confecto,
1078 2983 1216 3046 Elfredus
1226 3002 1253 3047 tt

262 3068 352 3125 totius
378 3067 538 3126 Britanniae
562 3068 712 3146 imperium
736 3068 878 3134 obtinuit;
906 3076 936 3126 et
959 3069 1098 3148 quoniam
1124 3075 1216 3132 sancti

260 3151 439 3212 confessoris
457 3162 615 3234 praecepta,
633 3173 699 3232 quae
721 3161 893 3232 susceperat
912 3154 940 3212 in
959 3155 1091 3234 penuria,
1106 3176 1216 3218 memo·

260 3237 330 3296 riter
343 3240 436 3297 tenuit
449 3240 477 3296 in
493 3240 584 3308 curia,
600 3259 715 3318 semper
729 3249 759 3298 et
778 3240 885 3318 ubique
904 3240 1040 3299 omnibus
1056 3239 1215 3304 adversan-

259 3324 331 3381 tium
347 3324 541 3384 moliminibus
555 3325 719 3404 praevaluit.

271 3606 302 3729 h¹
321 3605 483 3676 Ascanione]
503 3608 633 3669 Probably
648 3608 807 3679 Eddington,
819 3607 843 3654 in
857 3607 900 3655 the
911 3612 1017 3656 western
1031 3613 1129 3670 partos
1139 3615 1211 3664 Wilt·

257 3695 270 3729 s
290 3695 335 3731 rre.
