2850 4890
484 368 655 418 nocronn
680 368 761 416 ven.
787 371 892 420 enon.
1118 361 1162 426 17

540 675 706 742 CAPUT
731 678 826 744 Xll.

208 851 362 924 Quomodo
373 853 517 937 flammas
543 853 647 915 domus
671 853 830 939 cujusdem
855 854 994 918 ardentis
1021 856 1157 921 oratioue

591 953 780 1017 restinxerit.

257 1125 357 1206 Qum
373 1111 478 1190 etiam
493 1129 567 1192 veri
583 1129 732 1194 flammis
750 1132 1000 1214 crepitantibus
1017 1133 1116 1214 ignes

177 1240 192 1282 ὅ
205 1225 317 1290 Arida
330 1227 518 1311 diriperent
536 1231 620 1294 tecti
635 1231 718 1294 dum
734 1233 886 1296 culmina
902 1233 1089 1315 quondam,

206 1326 370 1392 Incubuit
381 1329 553 1411 precibus,
565 1339 757 1414 ventosque
774 1333 934 1416 laresque
951 1340 1153 1415 retorquens

203 1425 302 1491 Voce
313 1429 443 1510 pericla
453 1428 565 1512 fugat,
572 1431 742 1515 juvenum
752 1452 831 1515 queo
840 1432 966 1496 dextra
975 1434 1152 1516 nequibat.

205 1526 281 1590 Nec
298 1529 423 1592 mirum
440 1531 514 1593 vati
531 1530 691 1614 fragilem
709 1533 855 1596 cessisse
872 1533 1056 1609 caminum,

204 1625 367 1709 Igniferis
385 1628 524 1694 Satanae
542 1632 603 1714 qui
619 1632 754 1714 spicula
771 1639 865 1696 torta
881 1631 1053 1715 pharetris

158 1737 190 1782 1⁰
204 1727 369 1793 AEthereo
385 1738 505 1794 suerat
522 1733 670 1796 umbone
689 1731 832 1797 relidere
850 1731 991 1797 christi.

523 1980 689 2046 CAPUT
714 1981 831 2054 XIll.

204 2153 346 2228 Qualiter
361 2154 537 2219 demonium
557 2155 595 2218 ab
622 2178 716 2218 uxore
734 2155 903 2240 cujusdam,
920 2155 1043 2219 necdum
1058 2156 1150 2219 odoe-

557 2257 643 2319 niens
661 2255 791 2342 ejecerit.
948 2267 950 2272 '

199 2426 276 2493 V1n
304 2430 401 2494 venit
426 2430 470 2494 ad
497 2451 686 2515 procerem,
713 2432 926 2517 trepidisque
953 2431 1151 2513 precamina

155 2534 186 2579 1⁵
349 2531 499 2614 supplex

199 2626 355 2693 Vocibus
372 2631 574 2714 ingeminat,
591 2633 692 2697 ‘Leti
711 2631 907 2696 sublimine
924 2630 1054 2714 conjux

200 2728 292 2793 Cara
304 2730 421 2814 jacet;
435 2732 510 2816 jam
526 2740 636 2810 artuS,
653 2753 757 2796 sensu
771 2733 938 2815 fugiente,
951 2730 1148 2810 rigescunt;

199 2828 286 2894 Vita
302 2838 452 2896 tremens
469 2840 606 2897 tantum
620 2834 685 2897 sub
701 2841 841 2916 pectore
858 2831 968 2894 fervet
984 2828 1119 2893 anhelo.

199 2928 316 3008 Mitte,
332 2951 466 3014 precor,
484 2932 616 2997 Christi
632 2931 735 2997 modo
753 2935 813 3016 qui
828 2930 995 3014 mysteria
1011 2936 1139 3012 portet,

152 3043 185 3088 20
199 3028 350 3114 Spiritus
375 3041 456 3096 ante
481 3032 592 3116 fugax
621 3052 725 3116 quam
756 3030 887 3116 pallida
914 3031 1068 3094 membra
1093 3049 1148 3093 re·

345 3131 522 3216 linquat?

198 3232 361 3315 Dumque
375 3241 478 3316 parat
481 3235 557 3320 jam
566 3235 670 3310 vatis,
681 3234 748 3297 iter
757 3251 859 3314 quem
869 3232 986 3294 mittat
995 3231 1031 3293 in
1040 3229 1146 3308 istud,

197 3331 386 3418 (Tempore
403 3353 553 3418 namque
567 3334 633 3398 fuit
650 3331 942 3396 Lindisfarnensis
959 3332 995 3394 in
1010 3330 1071 3394 illo

198 3431 413 3516 Praepositus
428 3431 555 3520 cellae,)
570 3442 703 3498 secreto
716 3433 856 3496 numine
871 3430 974 3495 discit

149 3545 182 3591 2⁵
197 3533 280 3599 Non
293 3534 353 3598 leti
370 3554 549 3599 commune
565 3553 686 3616 genus,
700 3531 761 3595 sed
775 3532 940 3596 daemonis
957 3531 1024 3624 atri

196 3633 374 3699 Saevitiam
390 3637 526 3700 miserae
543 3635 627 3698 diris
644 3633 841 3696 incumbere
859 3633 983 3715 poenis.

196 3734 240 3799 Se
257 3736 369 3817 magis
387 3735 557 3812 exhibuit,
574 3735 725 3798 subeunt
740 3734 817 3811 iter,
835 3751 927 3812 ecce,
944 3738 1085 3814 repente

161 4126 164 4131 4
229 4058 574 4123 ¹GnrorXII.]Vit.Pros.
588 4056 653 4118 Gap.
688 4051 741 4175 ΟΠ
760 4053 847 4106 curor
869 4052 961 4115 XIIl.]
989 4051 1042 4099 Vit.
1069 4050 1142 4098 Pros.

194 4146 249 4183 xlv.
712 4137 809 4187 ap.xv.

245 4249 329 4295 ΤΟΜ.
347 4246 387 4294 11.
972 4238 991 4283 0
