2850 4890
284 370 383 418 ursr.
401 367 714 417 rususnnrrorus
733 369 762 418 s.
781 370 1013 419 cursianum.
1069 358 1133 424 287

178 516 248 575 totis
272 516 366 575 tribus
390 516 484 586 aunis,
508 516 616 595 quibus
638 515 696 575 illis
725 517 754 575 in
779 517 938 595 paludibus
964 518 1135 598 deguerunt.
1154 524 1301 575 Α-ΜῚΒ·

178 603 283 661 Tantis
299 603 399 681 itaque
419 602 478 661 Dei
498 601 649 662 beneficiis
661 602 830 680 jocundati,
850 603 926 663 diem
947 605 1028 664 illum
1050 607 1137 666 solito

179 688 320 747 laetiorem
346 687 507 747 deducunt.
551 687 646 748 Venit
669 707 745 756 n0x3
775 689 902 767 quisque
925 699 994 770 post
1018 691 1137 752 diurnos

181 774 298 833 labores
327 773 489 853 quieturus,
518 793 573 832 suo
598 794 631 833 se
658 773 770 854 reponit
798 775 825 832 in
854 775 932 836 loco.
975 776 1052 836 Cum
1078 779 1138 838 alto

151 877 289 938 tenpore
314 878 415 918 omnes
441 859 681 938 opprimerentur,
706 858 844 918 Elfredus
868 861 898 919 in
921 861 1001 921 lecto
1025 865 1140 923 recubit

182 946 264 1005 solus
289 944 422 1024 pervigil,
447 945 563 1004 labores
591 946 638 1004 sui
665 944 762 1003 exsilii
785 953 890 1004 moesto
919 947 1009 1007 corde
1037 969 1138 1008 secum

180 1039 354 1101 retractans,
375 1030 520 1109 simulque
542 1031 581 1089 de
601 1030 765 1110 peregrino,
785 1050 822 1089 ac
843 1031 992 1111 inopinata
1013 1035 1138 1112 piscium

181 1116 366 1176 multitudine
395 1115 553 1175 admirans.
609 1116 650 1174 Et
678 1135 750 1174 ecce
780 1115 888 1187 lumen,
917 1119 1022 1196 quovis
1050 1121 1139 1179 solari

180 1201 265 1262 radio
279 1200 472 1281 splendidius,
487 1209 581 1262 totum
593 1200 762 1260 cubiculum
777 1202 893 1262 coelitus
907 1203 1052 1273 illustrat;
1075 1207 1139 1285 ipse

140 1289 362 1367 inperterritus,
384 1288 495 1367 priores
523 1306 625 1346 omnes
651 1286 836 1346 obliviscitur
864 1308 962 1358 curas,
991 1298 1021 1348 et
1045 1292 1139 1350 solum

182 1374 298 1432 luminis
317 1373 394 1432 illins
408 1372 552 1450 fulgorem
567 1371 702 1451 stupidus
716 1380 879 1433 contuetur.
920 1374 1005 1435 Tunc
1020 1377 1140 1455 quidam

183 1460 294 1538 inipso
313 1459 431 1528 lumine,
453 1457 658 1538 pontificaliter
676 1457 827 1526 infulatus,
849 1459 956 1532 senior,
975 1463 1056 1540 nigro
1075 1464 1139 1542 qui-

184 1544 252 1603 dem
283 1543 404 1624 capillo,
433 1544 487 1602 sed
516 1544 599 1603 vulto
627 1542 786 1602 admodum
814 1555 949 1617 venusto,
984 1551 1139 1626 processit,

181 1638 353 1708 textumque
380 1629 604 1706 Evangeliorum
629 1649 700 1687 auro
725 1630 907 1708 gemmisque
932 1631 1053 1692 mirifice
1075 1654 1140 1712 per-

140 1731 171 1775 15
184 1725 319 1776 ornatum
347 1714 471 1774 dextera
498 1712 695 1794 praetendens.
741 1713 915 1794 Stupentem
942 1716 1024 1776 illum
1051 1729 1140 1799 atque

184 1810 341 1882 paventem
364 1801 409 1860 sic
430 1800 518 1859 dictis
538 1799 701 1881 permulcet
719 1801 833 1874 amicis,
856 1800 953 1860 ‘Non
969 1810 1009 1873 te,
1033 1803 1141 1865 dilecte

185 1888 227 1946 mi
254 1885 385 1955 Elfrede‚
409 1886 459 1944 hic
484 1887 541 1944 mei
562 1884 706 1945 adventus
732 1886 871 1965 splendor
895 1889 1059 1960 conturbet,
1084 1911 1141 1950 nou

186 1980 216 2031 te
236 1972 384 2032 barbarici
403 1970 509 2030 luroris
524 1971 611 2031 timor
628 1972 753 2051 amplius
773 1972 926 2042 sollicitet;
950 1973 1035 2034 Deus
1053 1978 1140 2047 enirn,

183 2058 235 2136 qui
257 2077 418 2137 pauperum
435 2077 555 2116 suorum
576 2057 702 2134 gemitus
724 2076 781 2116 non
803 2060 922 2138 spernit,
939 2060 1064 2140 jamjam
1084 2065 1142 2122 tuis

143 2158 176 2204 20
186 2141 275 2203 finem
291 2151 380 2223 ponet
394 2142 553 2211 laboribus,
565 2151 595 2200 et
605 2162 662 2220 ego
672 2141 812 2223 deinceps
828 2143 880 2202 tibi
894 2165 1012 2225 quoque
1027 2148 1144 2226 adjutor

186 2250 236 2288 ero
246 2228 483 2308 promtissimus'
518 2227 580 2286 His
595 2236 733 2307 protenus
747 2229 797 2287 ille
811 2227 993 2290 confortatus
1005 2232 1143 2293 affatibus

186 2315 253 2395 quis
282 2322 363 2374 esset
388 2322 439 2373 aut
467 2334 558 2393 quare
585 2314 717 2373 venisset
744 2322 829 2391 rogat
856 2316 1003 2377 obnixius.
1057 2319 1143 2378 Tunc

186 2401 284 2461 senior
311 2399 488 2469 subridens,‘
517 2399 596 2470 Ille,’
623 2401 727 2480 inquit,
757 2406 838 2476 ‘ego
867 2421 941 2471 sum,
969 2402 1016 2461 cui
1045 2403 1142 2462 cibum

186 2486 277 2546 hodie
300 2485 363 2545 dari
381 2488 517 2565 jusseras
525 2506 533 2554 ;
564 2484 619 2545 sed
641 2506 697 2564 ego
719 2505 777 2544 uon
801 2493 914 2544 tantum
937 2508 991 2566 pro
1015 2509 1090 2568 pane
1114 2500 1145 2550 et

143 2588 176 2633 26
187 2573 267 2642 vino,
301 2580 441 2652 quantum
474 2592 527 2651 pro
555 2571 667 2630 iuterna
697 2577 749 2630 tua
778 2569 935 2631 devotione
962 2573 1143 2636 delectabar.

188 2657 281 2724 Quod
302 2678 372 2718 vero
396 2677 500 2716 nomen
524 2677 620 2715 meum
638 2657 811 2734 interrogas,
835 2677 952 2717 servum
973 2658 1032 2718 Dei
1051 2661 1145 2721 cuth-

188 2746 302 2803 bertum
323 2744 399 2802 scito
413 2763 460 2801 me
475 2742 628 2812 nominari,
643 2742 711 2801 ideo
726 2742 784 2801 huc
799 2740 837 2801 ad
851 2751 880 2803 te
894 2743 1027 2814 missum,
1044 2755 1076 2804 ut
1093 2768 1146 2826 per

188 2849 236 2888 me
255 2828 427 2888 familiarius
448 2828 608 2907 intelligas,
630 2826 754 2908 qualiter
778 2847 796 2886 a
817 2830 1021 2906 persecutione
1044 2831 1095 2891 diu
1116 2841 1146 2892 te

189 2913 336 2992 affligente
363 2914 538 2993 expediatis.
583 2914 664 2991 Ergo
692 2913 921 2973 misericordiam
946 2924 977 2974 et
997 2917 1145 2994 justitiam

146 3001 338 3081 aupraecipue
366 3000 483 3078 diligas,
511 2998 691 3078 eosdemque
719 2997 796 3058 filios
824 3008 891 3059 tuos
920 3021 981 3079 prae
1010 3004 1145 3063 omnibus

190 3088 302 3146 docens
323 3106 440 3155 moneo,
455 3085 593 3165 quoniam
612 3093 641 3144 te
660 3086 842 3164 impetrante,
860 3084 986 3165 Deoque
1005 3087 1145 3161 donante,

190 3173 280 3232 totius
297 3172 456 3231 Britanniae
469 3171 622 3250 imperium
635 3171 721 3229 vobis
737 3171 907 3230 conceditur
921 3172 1145 3252 disponendum.

192 3257 224 3317 Si
241 3257 308 3316 Deo
322 3259 450 3337 mihique
464 3256 560 3315 fidelis
575 3256 755 3326 exstiteritis,
770 3276 817 3316 me
831 3266 900 3337 post
914 3259 978 3318 haec
993 3259 1031 3319 ad
1045 3272 1146 3322 conte-

190 3344 313 3402 rendum
342 3363 429 3402 omne
456 3343 545 3402 robur
568 3342 751 3401 inimicorum
773 3343 1001 3422 inexpugnabile
1029 3357 1147 3408 scutum

148 3443 179 3489 35
190 3429 347 3489 habebitis.
393 3429 495 3494 Quare
514 3448 591 3487 nunc
612 3446 726 3486 omnem
745 3429 869 3488 tristitiae
887 3439 1031 3510 postpone
1047 3441 1147 3514 torpo-

192 3535 265 3585 rem,
288 3522 376 3593 atque
396 3534 462 3572 curn
484 3513 613 3573 crastina
637 3513 760 3592 primum
783 3534 889 3572 aurora
911 3518 1083 3589 rutilaverit,
1108 3520 1147 3579 ad

193 3600 357 3680 proximum
385 3601 494 3677 naviga
526 3598 621 3669 littus,
649 3617 799 3678 cornuque
830 3607 882 3659 tuo
912 3602 1004 3662 tribus
1036 3602 1148 3663 fortiter

192 3688 294 3745 intona
306 3686 432 3745 vicibus.
477 3683 563 3743 Sicut
582 3685 658 3744 enim
678 3703 747 3742 cera
764 3682 867 3743 defluit
885 3686 924 3743 ab
942 3687 1018 3764 ignis
1038 3690 1147 3761 calore,

194 3773 238 3831 sic
274 3771 312 3829 ab
350 3772 437 3849 hujus
474 3770 611 3847 clangore
643 3777 758 3828 tuorum
788 3770 925 3850 superbia
957 3773 1148 3845 inimicorum,

150 3871 182 3916 4ο
193 3857 310 3916 volente
336 3855 415 3923 Deo,
441 3855 629 3925 dissolvetur,
655 3864 684 3914 et
704 3865 820 3915 tuorum
840 3857 965 3933 erigetur
989 3859 1148 3919 amicorum

195 3942 330 4002 audacia.
375 3941 479 4020 Hujus
502 3962 620 4021 quoque
639 3940 698 4000 diei
718 3942 818 3999 horam
840 3942 955 4000 circiter
974 3963 1092 4015 nonam,
1111 3946 1149 4005 de

195 4028 354 4088 carioribus
377 4027 480 4087 amicis
508 4026 655 4106 quingeni,
678 4047 779 4086 omnes
807 4028 882 4085 bene
911 4029 1024 4096 armati,
1052 4030 1091 4089 ad
1119 4042 1148 4090 te

195 4113 379 4174 convenient.
425 4113 467 4173 Et
480 4113 538 4172 boc
549 4113 633 4192 signo
648 4112 764 4182 credas,
776 4112 856 4192 quod
869 4121 981 4192 septem
995 4119 1150 4177 transactis
