2850 4890
386 365 435 414 nn
453 366 526 416 sax
544 367 742 416 mrnrrnus
761 366 911 416 srcutr.
1062 349 1126 416 177

170 513 403 604 Hieronymus
423 522 573 604 quodam
592 522 668 586 loco
686 538 725 585 v1
742 522 901 586 librorum
920 524 995 607 ejus
1014 525 1124 589 millia

169 641 207 684 se
222 622 348 703 legisse
363 625 563 688 meminerit.

213 722 344 788 Decius
356 743 446 788 anno
460 742 484 803 r,
494 725 669 788 mensibus
684 741 742 786 111.
775 725 844 788 Hic
856 745 933 789 cum
944 725 1124 809 Philippos

169 831 301 904 patrem
322 832 357 890 et
376 826 484 888 filium
504 825 744 904 interfecisset,
759 827 803 889 ob
819 826 935 889 odium
956 846 1071 891 eorum
1088 829 1125 891 in

138 943 154 985 s
172 924 385 990 Christianos
396 927 668 1010 persecutionem
683 936 809 1005 movet,
820 928 856 990 in
869 947 938 1009 qua
950 928 1125 992 Fabianus

168 1026 205 1088 in
238 1029 320 1090 urbe
355 1026 470 1090 Romo.
501 1027 667 1110 martyrio
702 1037 898 1105 coronatus
927 1029 1041 1091 sedem
1071 1031 1125 1093 sui

169 1127 392 1210 episcopatus
412 1128 569 1192 Cornelio
588 1129 781 1210 dereliquit,
802 1131 862 1212 qui
882 1137 917 1193 et
939 1131 1014 1211 ipse
1038 1150 1126 1194 mnr-

171 1229 261 1310 tyrio
281 1237 465 1294 coronatus
485 1237 550 1293 est.
594 1229 793 1295 Alexander
808 1230 1125 1313 Hierosolymorum

169 1329 354 1412 episcopus
365 1330 456 1411 apud
466 1329 661 1394 Caesaream
671 1329 882 1409 Palaestinae,
891 1331 1125 1396 etAntiochiae

127 1448 159 1493 ιο
172 1430 327 1513 Babylas
355 1432 614 1496 interficiuntur.
661 1432 750 1496 Haec
779 1436 1127 1515 autempersecutio,

170 1540 209 1595 ut
223 1520 413 1616 Dionysius
427 1532 651 1597 Alexandriae
672 1533 856 1616 episcopus
871 1533 985 1612 refert,
999 1554 1066 1599 non
1082 1555 1126 1599 ex

170 1642 345 1715 praecepto
366 1634 580 1716 imperatoris
599 1632 723 1698 sumsit
743 1634 933 1712 exordium,
948 1636 1009 1699 sed
1026 1655 1128 1714 anno,

170 1735 296 1818 inquit,
309 1736 439 1816 integro
451 1734 655 1816 principalia
669 1734 838 1817 praevenit
849 1736 963 1799 edicta
974 1737 1129 1801 minister

171 1836 376 1914 daemonum,
385 1837 444 1919 qui
454 1836 630 1900 dicebatur
641 1838 676 1898 in
686 1836 827 1900 civitate
840 1848 960 1900 nostra
969 1836 1128 1916 DivinuS,

129 1957 159 2000 15
172 1936 447 2018 superstitiosum
464 1944 583 2001 contra
597 1956 660 2000 nos
677 1938 858 2017 exagitans
875 1938 1007 2019 vulgus.

216 2037 340 2102 Gallus
360 2058 437 2101 cum
459 2037 652 2105 Volusiano
673 2039 744 2102 filio
764 2039 864 2102 annis
885 2056 926 2117 11,
951 2039 1127 2104 mensibus

173 2157 222 2202 lv.
267 2139 384 2221 Hujus
397 2140 529 2220 imperii
544 2140 734 2222 Dionysius
747 2139 968 2205 Alexandriae
984 2142 1128 2205 antistes

173 2240 224 2304 ita
246 2240 411 2318 meminit,
433 2240 483 2304 At
506 2261 548 2305 ne
573 2240 696 2305 Gallus
721 2243 857 2324 quidem
876 2241 1005 2304 malum
1028 2241 1128 2306 Decii

174 2350 235 2406 aut
252 2343 369 2406 videre
389 2343 514 2425 potuit,
529 2351 591 2406 aut
605 2362 739 2420 cavere,
754 2343 813 2405 sed
828 2342 865 2404 in
884 2342 1027 2405 eundem
1042 2343 1130 2424 lapi-

129 2462 162 2506 20
174 2443 250 2507 dem
260 2443 456 2506 offensionis
468 2444 627 2526 impegit3
651 2442 1131 2526 cujuscumregnumfloreret

174 2543 285 2621 initio,
300 2552 335 2608 et
354 2553 480 2608 cuncta
500 2546 532 2609 ei
552 2564 597 2609 ex
616 2544 788 2608 sententia
805 2544 976 2620 cederent,
989 2551 1130 2607 sanctos

173 2646 278 2722 viros,
293 2647 351 2727 qui
370 2664 431 2727 pro
450 2666 537 2728 pace
556 2646 651 2726 regni
666 2645 739 2728 ejus
756 2644 832 2709 Deo
847 2664 978 2708 summo
999 2645 1131 2728 suppli-

174 2749 312 2823 cabant,
320 2754 520 2829 persecutus
530 2755 594 2824 est,
603 2765 680 2810 curn
690 2747 816 2829 quihus
826 2753 861 2809 et
869 2747 1130 2827 prosperitatem

173 2869 273 2913 suam
295 2848 430 2931 fugavit
452 2857 487 2912 et
503 2869 636 2932 pacem.
679 2846 856 2929 Origenes,
877 2848 1130 2928 septuagesimo

129 2969 160 3014 aa
173 2952 287 3015 aetatis
302 2968 392 3013 anno
408 2969 477 3014 non
489 2952 533 3014 ad
546 2951 714 3031 integrum
725 2948 879 3029 impleto,
889 2947 1080 3026 defunctus,
1096 2958 1131 3013 et

142 3095 148 3106 ·
173 3051 210 3114 in
224 3054 307 3118 urbe
321 3051 404 3133 Tyri
420 3051 575 3133 sepultus
592 3059 657 3114 est.
702 3049 880 3112 Cornelius
898 3048 1020 3112 Romae
1040 3050 1130 3130 epis-

173 3172 283 3236 copus
296 3160 434 3235 rogatus
450 3173 472 3216 a
487 3154 636 3235 quadam
657 3158 814 3214 matrona
829 3150 970 3227 Lucina,
987 3169 1131 3232 corpora

174 3255 408 3336 apostolorum
419 3254 461 3316 de
473 3253 685 3316 catacumbis
697 3252 828 3316 levavit
838 3258 955 3328 noctu,
966 3258 1000 3314 et
1015 3252 1131 3333 posuit

174 3355 278 3420 Pauli
301 3354 439 3437 quidem
465 3355 524 3420 via
552 3352 735 3417 Hostiensi
765 3353 824 3415 ubi
850 3352 1040 3416 decollatus
1066 3360 1130 3427 est,

131 3478 162 3523 ao
174 3458 270 3521 Petri
291 3464 407 3520 autem
421 3455 527 3538 juxta
546 3455 659 3518 locum
676 3454 736 3521 ubi
756 3453 940 3517 crucifixus
965 3462 1027 3530 cst,
1042 3455 1130 3517 inter

175 3577 319 3641 corpora
334 3565 529 3622 sanctorum
543 3557 782 3639 episcoporum
797 3555 834 3618 in
849 3556 1012 3637 templum
1024 3555 1132 3637 Apol-

175 3661 268 3738 linis,
290 3660 326 3721 in
342 3667 458 3722 monte
475 3657 602 3735 Aureo,
621 3659 658 3720 in
678 3657 853 3722 Vaticano
873 3656 1002 3720 Palatii
1023 3656 1132 3720 Nero-

176 3761 282 3838 niani,
297 3759 399 3823 tertio
413 3758 635 3823 kalendarum
650 3759 673 3823 J
676 3759 831 3823 uliarum.

218 3861 428 3928 Valerianus
452 3881 528 3924 cum
552 3861 621 3924 filio
645 3859 804 3925 Gallieno
829 3860 927 3922 annis
954 3875 1017 3920 XV.
1062 3858 1132 3924 Hic

135 3966 212 4029 asin
241 3963 456 4028 Christianos
484 3963 721 4046 persecutione
753 3966 933 4036 commota,
965 3959 1083 4022 statim
1111 3981 1133 4024 a

178 4068 308 4150 Sapore
330 4065 512 4130 Persarum
537 4086 614 4148 rego
638 4063 785 4146 capitur,
809 4061 924 4143 ibique
947 4059 1133 4124 luminibus

223 4185 312 4231 rou.
330 4184 371 4231 11.
849 4178 873 4223 N

1189 547 1252 588 Anno

1141 597 1221 638 Mundi.
1238 596 1322 637 christi.

1140 655 1216 702 42⁰⁴.
1247 655 1304 708 2⁶³.

1141 750 1216 796 4205.
1244 749 1303 796 254.

1143 2056 1217 2100 4207.
1248 2054 1307 2098 256.

1148 3878 1222 3925 4222.
1252 3878 1309 3924 271.
