2850 4890
250 348 315 413 290
625 362 837 411 nrnaumx.

83 521 226 570 mnata.
255 509 444 588 sequentibus
465 507 600 589 quaedam
614 507 758 579 dicemus,
772 509 901 588 ipsorum
916 509 1038 580 meritis,
1052 529 1120 570 cum
1138 529 1212 590 prae-

255 605 299 653 ter
312 615 424 674 paucos
440 615 595 676 pravorum
611 603 730 653 actuum
745 614 847 654 omnes
862 595 931 664 siut,
945 596 1044 656 nullus
1059 596 1208 676 applicem

256 679 309 738 sed
331 681 358 736 in
383 681 440 738 hoc
461 688 601 760 quantum
623 678 694 739 fidei
716 679 837 740 firmitas
859 681 968 751 valeat,
988 683 1116 761 quisque
1141 701 1212 743 cou-

254 764 372 822 sideret.

298 855 354 923 §a
375 848 459 907 Tunc
473 850 560 925 igitur
574 870 626 928 per
642 848 702 911 Dei
717 849 929 929 providentiam
946 851 1082 929 contigit,
1097 859 1131 912 ut
1144 871 1211 911 cum
1236 869 1249 912 ⁵

256 935 619 994 sanctissimicoufessoris
628 936 840 1014 pretiosissimo
849 956 972 1016 corpore
980 934 1030 995 diu
1040 937 1212 1014 migrantes,

256 1028 347 1079 totam
368 1040 444 1099 pene
465 1030 693 1099 pervagerentur
711 1029 826 1081 terram.
872 1022 1042 1101 Episcopus
1065 1030 1165 1081 autem
1184 1031 1214 1081 et

258 1107 362 1175 abbas,
375 1113 492 1185 propter
511 1105 678 1164 diuturnum
692 1106 821 1166 laborem
843 1107 932 1167 nimio
950 1105 1072 1167 taudem
1086 1107 1214 1167 conlecti

258 1191 357 1260 taedio,
374 1197 405 1249 ut
420 1190 481 1249 suis
495 1188 583 1250 finem
597 1191 746 1251 laboribus
760 1200 790 1250 et
807 1201 911 1251 sancto
926 1191 1042 1271 corpori
1064 1192 1169 1252 sedem
1185 1193 1215 1252 iu

260 1275 408 1334 Hibernia
427 1285 601 1356 quaererent,
615 1285 717 1336 mutuo
735 1278 859 1336 interae
877 1277 928 1336 diu
942 1276 1070 1337 consilio
1088 1278 1213 1339 ventila·
1224 1293 1252 1337 lo

259 1361 347 1429 bant;
370 1362 529 1439 praesertim
551 1363 619 1439 quia
637 1362 746 1421 nullam
760 1363 788 1420 in
804 1370 867 1422 tota
880 1363 936 1421 hac
950 1370 1026 1422 terra
1045 1363 1216 1423 remanendi

260 1467 342 1525 spem
362 1446 519 1505 habebant.
564 1447 697 1507 Proinde
716 1447 854 1506 adhibitis
875 1467 993 1528 quoque
1014 1447 1145 1518 adhoc,
1164 1449 1214 1527 qui

259 1533 450 1610 sapientiores
468 1539 551 1590 erant
565 1541 594 1590 et
612 1541 698 1591 aetate
715 1533 925 1611 provectiores,
942 1533 1054 1612 placuit
1070 1533 1215 1593 universis

259 1616 338 1674 istud
357 1618 521 1677 consilium.
566 1616 773 1688 ‘Evidenter,'
792 1618 936 1697 inquiunt,
959 1627 967 1650 ⁴
983 1619 1011 1676 iu
1033 1625 1113 1677 terra
1133 1639 1215 1699 pere-

260 1703 343 1779 grina
366 1703 496 1780 requiem
524 1723 653 1780 quaerere
678 1702 876 1773 admonemur,
899 1703 969 1781 quia
993 1703 1050 1761 nisi
1074 1704 1133 1761 hoc
1158 1704 1216 1763 Dei
1226 1718 1253 1763 15

258 1787 411 1866 ipsiusque
426 1788 521 1846 sancti
536 1797 616 1847 esset
630 1787 777 1856 voluutas,
791 1789 969 1867 jampridem
984 1795 1014 1846 et
1027 1808 1091 1847 suae
1106 1790 1216 1848 saucti-

259 1874 311 1930 tati
326 1873 410 1931 locus
425 1871 590 1950 condignus
606 1881 635 1932 et
649 1874 733 1932 nobis
748 1882 930 1954 opportunus
942 1873 1048 1933 fuisset
1058 1875 1216 1952 provisus?

261 1957 301 2014 Et
315 1958 379 2017 haec
394 1957 513 2034 quidem
527 1959 585 2025 illi;
610 1957 663 2018 sed
677 1959 977 2038 incomprehensibilis
994 1957 1054 2018 Dei
1069 1960 1217 2037 sapientia

259 2041 342 2099 aliter
353 2042 509 2120 disposuit.
555 2042 637 2102 Nam
648 2063 715 2102 cum
726 2043 765 2103 ad
774 2045 882 2104 ostium
896 2043 1079 2123 Dyruuentae
1089 2043 1217 2105 fluminis

260 2128 478 2197 convenissent,
492 2148 530 2185 ex
549 2149 609 2207 quo
627 2129 741 2188 facilior
759 2149 795 2188 ac
815 2129 931 2189 brevior
952 2137 1034 2208 patet
1050 2130 1081 2188 iu
1103 2129 1255 2190 Hiber-ao

258 2213 334 2270 niarn
349 2214 627 2283 transitus—navis
642 2213 681 2272 ad
695 2214 942 2294 transponendum
952 2222 1083 2293 paratur,
1095 2235 1217 2275 venera-

259 2297 318 2356 bile
333 2317 440 2379 corpus
454 2299 621 2377 imponitur,
635 2308 665 2357 et
678 2301 786 2379 quibus
800 2301 967 2359 innotuerat
976 2299 1133 2359 consilium
1149 2321 1217 2361 cum

259 2383 400 2463 episcopo
424 2392 455 2442 et
478 2383 586 2443 abbate
609 2386 697 2464 pauci
720 2385 929 2462 ingrediuntur,
954 2385 1060 2444 ceteris
1080 2387 1216 2447 omnibus

258 2468 330 2546 quid
354 2489 440 2546 agere
467 2469 578 2528 vellent
605 2471 816 2546 ignorantibus.
861 2469 923 2529 Sed
951 2470 1023 2549 quid
1045 2472 1216 2531 moramur'l

259 2553 355 2613 Sociis
375 2575 394 2612 a
411 2554 507 2612 littore
526 2556 727 2634 spectantibus
747 2555 815 2616 vale
833 2555 923 2625 dicto,
938 2555 1078 2614 secundis
1097 2554 1255 2619 flatibusm

257 2639 327 2699 vela
346 2638 518 2719 expediunt,
540 2648 621 2698 recto
646 2641 674 2698 in
697 2640 875 2700 Hiberniam
894 2640 987 2700 ductu
1006 2660 1122 2720 proram
1147 2642 1216 2707 diri·¹

259 2732 339 2801 gunt.
383 2725 469 2783 Tunc
494 2725 560 2803 quis
585 2732 672 2804 putas
701 2746 804 2786 moeror
827 2725 881 2784 fuit
905 2725 1116 2785 residentium?
1149 2729 1216 2807 quis

259 2809 394 2888 planctus
411 2810 611 2869 moereutiuml
646 2811 682 2869 ln
696 2820 802 2870 terram
816 2819 965 2880 corruunt,
978 2810 1101 2890 pulvere
1115 2813 1217 2892 capita

258 2904 442 2973 respergunt,
456 2902 556 2954 vestes
576 2896 724 2965 scindunt,
740 2906 862 2976 pectora
880 2896 1028 2975 lapidibus
1050 2899 1216 2977 pugnisque

259 2978 452 3049 contundunt,
472 2988 502 3038 et
522 2981 550 3039 iu
574 2980 742 3061 hujusmodi
763 3001 854 3042 voces
877 2981 995 3041 tandem
1014 2981 1102 3040 simul
1120 2997 1253 3048 erum-to

260 3078 341 3144 punt.
388 3066 457 3124 ‘Tu
476 3073 559 3143 pater
580 3075 610 3124 et
627 3075 750 3146 patrone
771 3076 881 3135 noster,
900 3087 948 3137 en,
967 3074 1123 3145 tamquam¹
1142 3089 1215 3128 oves

259 3150 393 3229 luporum
412 3149 562 3221 dentibus,
577 3151 618 3210 ita
637 3152 734 3210 miseri
755 3160 785 3210 et
802 3153 911 3230 captivi
931 3151 1108 3211 adversariis
1128 3153 1215 3214 saevi-

259 3235 375 3293 entibus
389 3236 581 3313 exponimur?
624 3235 659 3296 N
661 3256 696 3296 ec
709 3237 751 3295 illi
764 3237 857 3316 plura.

301 3325 358 3393 §7.
381 3318 529 3379 Continuo
544 3321 625 3380 venti
646 3328 806 3390 mutantur,
828 3320 936 3382 fluctus
955 3321 1168 3394 intumescunt,
1187 3329 1216 3382 et

259 3402 340 3483 quod
360 3423 437 3462 nunc
462 3414 525 3464 erat
547 3407 734 3484 tranquillum
758 3427 838 3469 marc
860 3406 895 3466 fit
917 3415 1152 3487 tempestuosum
1179 3415 1247 3468 etto

259 3489 514 3558 obscurissimum
538 3491 665 3570 navique
673 3494 737 3570 jam
749 3493 812 3552 siue
821 3493 929 3570 remige
939 3493 997 3550 huc
1008 3492 1080 3558 illuc
1087 3495 1216 3572 jactata,

260 3575 310 3653 qui
335 3575 412 3632 intus
436 3583 518 3633 erant
535 3575 617 3634 velut
638 3579 743 3635 mortui
764 3579 960 3656 obriguerant.
1005 3577 1079 3636 Tres
1098 3579 1216 3657 insuper

262 3660 340 3717 mirae
361 3659 569 3737 magnitudinis
594 3661 681 3720 undae
703 3661 839 3721 horrifico
861 3683 929 3721 cum
950 3681 1095 3720 murmure
1117 3684 1216 3743 super·

295 3909 315 3939 ³⁸
335 3908 435 3979 Unda]
459 3913 534 3960 From
548 3913 598 3963 this
610 3914 681 3962 word
697 3920 723 3964 to
756 3915 1217 3978 landists,whicbhasbeenaupplied

262 3983 269 4008 ‘
283 3982 390 4042 tenera,'
404 3984 418 4045 ᾗ
432 3986 473 4042 20,
489 3981 543 4047 (see
559 3984 602 4033 the
620 3991 724 4046 present
756 3985 819 4033 from
827 3987 929 4035 Simeon
939 3986 1097 4047 Duneim,ii.
1107 3991 1134 4035 ll
1148 4003 1155 4047 ;
1175 3988 1217 4035 the

262 4052 722 4118 edition,p.302,)therewasabiatos
755 4058 898 4106 narratives
919 4058 1062 4119 appearing
1087 4062 1113 4106 to
1138 4072 1216 4119 agree

262 4122 288 4168 in
310 4121 432 4171 rhenus,
458 4125 521 4173 used
544 4126 579 4186 by
598 4124 641 4174 the
660 4126 721 4174 Bol·
754 4127 862 4187 closely.
