2850 4890
625 364 836 411 urenumx.
1145 352 1209 416 251

248 511 352 588 justis,
372 512 478 590 quibus
502 531 560 570 non
583 533 659 592 opus
680 522 726 572 est
747 513 939 592 poenitentia!
981 514 1022 573 Et
1046 516 1071 574 si
1093 515 1130 573 de
1150 535 1209 574 uno

255 597 411 675 poenitente
431 596 540 675 grande
564 599 603 656 sit
624 598 764 675 gaudium
789 601 818 657 in
845 599 932 668 coelo,
956 600 1044 678 quale
1068 600 1209 677 gaudium

252 681 362 740 facturn
381 682 528 741 credimus
543 682 581 741 de
596 692 679 742 tauto
699 685 808 763 populo
827 704 845 742 a
864 704 918 742 sno
938 705 1033 743 errore
1052 705 1207 755 converso,

253 768 303 845 qui
319 767 357 825 ad
372 765 461 826 fidem
474 768 607 838 veniens,
621 768 699 827 mala
713 789 779 846 quae
791 770 851 846 egit
860 769 1028 847 poenitendo
1038 769 1208 829 damnavit?

224 868 240 910 6
256 852 294 910 In
308 852 366 911 hoc
379 853 479 931 itaque
493 853 559 911 coeli
578 861 608 910 et
627 853 797 931 angelorum
811 854 920 931 gaudio
934 863 1099 932 repetamus
1113 855 1206 934 ipsas,

254 957 329 1014 quas
361 938 564 1017 praediximus,
596 959 688 998 voces
723 939 913 1017 angelorum;
948 937 1081 998 dicamus
1108 941 1206 1017 igitur,

253 1021 387 1081 dicamus
401 1043 515 1094 omnes,
533 1030 541 1056 ⁶
557 1023 663 1082 Gloria
682 1025 710 1081 in
732 1025 859 1084 excelsis
875 1024 954 1096 Deo,
970 1025 1041 1084 etin
1057 1034 1133 1085 terra
1147 1045 1206 1104 pax

253 1108 418 1167 hominibus
432 1109 517 1167 bonae
532 1109 711 1168 voluntatis'

588 1362 790 1423 NUMBER
812 1364 874 1424 VI.

208 1548 240 1591 10
383 1529 603 1595 Gaaaoawsss
617 1529 752 1594 Berthoe
766 1532 882 1616 rapinae
898 1530 1081 1616 Anploram.

252 1703 323 1768 Qut
351 1711 419 1782 post
445 1713 589 1763 terrenam
617 1711 797 1782 potestatem
824 1705 905 1782 regni
931 1704 1061 1763 coelestis
1084 1705 1205 1783 gloriam

251 1790 334 1868 cupit
346 1789 508 1868 acquirere,
522 1789 562 1848 ad
575 1789 744 1848 faciendum
762 1791 875 1848 lucrum
889 1789 1024 1848 Creatori
1042 1811 1097 1849 suo
1117 1789 1207 1848 debet

252 1874 368 1933 enixius
389 1875 539 1943 laborare;
564 1885 597 1934 ut
620 1875 659 1933 ad
683 1895 731 1944 ea,
755 1895 822 1952 quae
843 1873 1003 1944 desiderat,
1028 1875 1205 1953 operationis

252 1978 315 2018 suae
335 1959 474 2038 gradibus
493 1961 589 2038 possit
608 1960 779 2029 ascendere,
795 1960 873 2019 sicut
890 1980 945 2019 vos
966 1960 1074 2020 fecisse
1094 1961 1204 2039 gaude-

209 2062 238 2105 15
251 2064 328 2103 mus.
370 2044 552 2103 Remeantes
574 2046 660 2123 igitur
679 2045 890 2104 dilectissimus
909 2045 987 2105 lilius
1009 2053 1107 2104 noster
1128 2046 1206 2104 Lau-

250 2130 361 2188 rentius
380 2130 535 2208 presbyter
555 2138 585 2187 et
602 2131 713 2190 Petrus
728 2132 904 2201 monachus,
919 2131 1015 2210 qualis
1034 2151 1105 2208 erga
1122 2151 1206 2190 reve-

250 2213 458 2273 rendissimum
467 2214 583 2273 fratrem
596 2225 626 2274 et
636 2216 848 2295 coepiscopum
862 2225 993 2275 nostrum
1004 2215 1205 2294 Augustinum

252 2300 345 2377 gloria
358 2307 458 2358 vestra
476 2301 631 2370 exstiterit,
647 2309 817 2378 quantaque
831 2301 873 2359 illi
891 2301 1007 2370 solatia,
1022 2301 1069 2359 vel
1088 2302 1206 2378 qualem

251 2386 404 2444 caritatem
418 2385 602 2463 impenderit,
617 2386 795 2454 retulerunt;
819 2395 849 2445 et
863 2387 1090 2466 omnipotentem
1106 2385 1205 2444 Deum

208 2486 240 2530 20
252 2469 467 2540 benediximus,
482 2471 532 2549 qui
547 2472 768 2530 conversionem
785 2471 879 2549 gentis
895 2471 1062 2548 Anglorum
1076 2471 1205 2530 mercedi

252 2564 359 2614 vestrae
379 2554 518 2633 dignatus
532 2564 579 2614 est
591 2557 735 2635 propitius
754 2575 913 2616 reservare.
955 2556 1038 2615 Nam
1059 2557 1137 2615 sicut
1153 2576 1206 2634 per

251 2640 443 2699 recordandae
456 2643 604 2700 memoriae
620 2641 782 2710 Helenam,
800 2650 921 2700 matrem
937 2641 1042 2719 piisimi
1058 2641 1205 2700 Constan-

250 2726 304 2784 tini
317 2727 512 2804 imperatoris,
527 2725 566 2784 ad
580 2726 777 2785 Christianam
794 2725 882 2785 fidem
897 2724 988 2783 corda
1003 2725 1206 2785 Romanorum

251 2811 400 2881 accendit,
414 2811 455 2869 ita
474 2819 504 2869 et
523 2830 576 2888 per
597 2811 696 2888 gloriae
715 2819 822 2871 vestrae
842 2809 971 2870 studium
990 2810 1019 2867 in
1037 2811 1205 2888 Anglorum

206 2913 238 2957 25
252 2904 338 2974 gente
353 2898 418 2974 ejus
432 2895 662 2955 misericordiam
677 2895 853 2956 confidimus
867 2896 989 2975 operari.
1032 2896 1073 2954 Et
1087 2894 1205 2974 quidem

244 2980 423 3060 jamdudum
447 2981 566 3058 gloriosi
594 2979 647 3039 filii
674 2982 777 3050 nostri,
806 2981 940 3058 conjugis
964 2980 1067 3050 vestri,
1092 2981 1204 3040 animos

248 3066 413 3147 prudentiae
427 3075 533 3124 vestrae
548 3068 638 3136 bono,
654 3068 731 3124 sicut
743 3087 846 3125 revera
860 3065 1047 3134 Christianae,
1062 3065 1206 3124 debuistis

250 3151 410 3221 inflectere,
427 3160 460 3209 ut
472 3171 525 3230 pro
544 3153 625 3229 regni
645 3160 676 3210 et
693 3153 796 3210 animae
814 3171 876 3210 suae
891 3152 986 3210 salute
1001 3149 1102 3219 fidem,
1116 3170 1205 3228 quam
1266 3164 1269 3172 ’

251 3237 361 3306 colitis,
383 3244 553 3315 sequeretur
561 3257 569 3304 ;
602 3245 747 3314 quatenus
771 3246 801 3296 et
822 3236 859 3295 de
885 3257 921 3294 eo
946 3243 976 3293 et
996 3255 1048 3313 per
1069 3255 1146 3304 eum,
1168 3235 1206 3294 de

207 3338 239 3383 ao
250 3321 343 3382 totius
353 3322 448 3400 gentis
460 3323 662 3391 conversione,
674 3321 764 3399 digna
773 3322 859 3381 vobis
871 3322 898 3379 in
911 3321 1081 3380 coelestibus
1091 3319 1207 3398 gaudiis

249 3408 401 3466 retributio
414 3415 593 3466 nasceretur.
636 3406 720 3465 Nam
737 3416 907 3485 postquam,
926 3407 1003 3464 sicut
1019 3406 1158 3474 diximus,
1177 3414 1207 3464 et

249 3503 332 3552 recta
351 3491 411 3551 fide
429 3493 522 3570 gloria
538 3501 637 3552 vestra
658 3490 768 3550 mnnita
788 3502 819 3551 et
838 3492 929 3551 literis
952 3491 1042 3550 docta
1066 3499 1123 3559 est,
1147 3490 1206 3550 hoc

292 3746 304 3778 ⁷
322 3743 429 3815 Gloria]
457 3749 495 3798 St.
507 3747 590 3808 Lake,
602 3748 632 3796 ii.
642 3751 683 3798 14.
743 3747 828 3797 shows
840 3747 931 3796 thatin
941 3748 985 3795 the
995 3760 1065 3795 same
1074 3761 1145 3807 year,
1155 3747 1207 3796 and

294 3817 304 3848 ⁸
323 3819 398 3869 Beda
419 3819 467 3868 has
487 3818 640 3867 introduced
657 3819 711 3867 into
743 3818 868 3879 probably
881 3832 913 3865 on
930 3818 973 3866 the
991 3831 1061 3866 same
1078 3818 1206 3879 occasion,

251 3890 292 3938 his
319 3888 438 3938 Historia
466 3889 650 3938 Ecclesiastico
678 3887 710 3953 (1.
744 3887 1206 3948 headdressedanepistletoBertha,

250 3961 333 4010 xxxii.
354 3961 368 4023 ς
385 3957 430 4024 76)
448 3974 464 4008 a
477 3960 553 4007 letter
564 3959 667 4007 written
685 3959 712 4006 in
744 3958 828 4007 which
841 3959 862 4006 it
874 3959 920 4006 has
932 3958 995 4005 been
1006 3956 1116 4016 thought
1128 3971 1206 4019 expe·

250 4043 278 4080 A.
290 4043 319 4080 n.
336 4034 394 4090 ool,
410 4034 437 4079 to
455 4030 591 4078 Ethelbert
602 4029 635 4089 by
649 4029 711 4078 Gre-
745 4029 817 4078 dient
828 4032 854 4077 to
866 4028 1000 4076 introduce
1013 4027 1105 4077 above.

252 4115 324 4163 gory.
357 4101 412 4149 The
420 4100 540 4161 Register
548 4099 576 4148 oi
583 4098 638 4147 that
645 4113 711 4160 pope
