2850 4890
213 343 279 411 252
585 358 800 406 neenunrx.

215 506 301 565 vobis
316 525 368 564 nec
381 502 496 564 tardum
514 524 570 563 nec
588 503 692 565 debuit
708 525 776 565 esse
793 501 920 564 difficile.
964 503 1007 564 Et
1018 502 1171 582 quoniam,

215 590 283 649 Deo
306 591 435 660 volente,
459 598 560 670 aptum
583 610 660 649 nunc
685 600 801 670 tempus
823 598 880 659 est,
903 588 982 668 agite
1007 597 1051 659 ut,
1071 587 1172 647 divina

214 676 309 752 gratia
323 685 512 755 cooperante,
527 695 595 735 cum
609 685 767 754 augmento
780 674 900 755 possitis
911 673 993 754 quod
1002 673 1171 752 neglectum

214 767 262 818 est
273 780 418 838 reparare.

258 844 366 923 Itaque
388 851 516 904 mentem
540 843 659 922 gloriosi
682 844 819 922 conjugis
844 845 934 904 vestri
956 843 988 903 in
1012 841 1207 902 dilectiones

214 928 391 988 Christianae
419 928 489 987 fidei
513 929 717 989 adhortatione
742 929 866 988 assidua
890 929 1040 998 roborate,
1069 938 1169 989 vestra

214 1013 256 1071 illi
284 1013 453 1074 sollicitudo
480 1024 670 1093 augmentum
698 1015 728 1073 in
757 1014 856 1074 Deum
883 1015 991 1073 amoris
1023 1011 1169 1082 infundat,

215 1106 303 1177 atquc
331 1101 373 1158 ita
396 1100 510 1158 animos
534 1102 610 1177 ejus,
635 1100 723 1159 etiam
748 1119 801 1178 pro
826 1099 969 1175 subjectae
994 1098 1053 1158 sibi
1076 1098 1172 1177 gentis

214 1183 384 1262 plenissima
395 1185 587 1243 conversione
605 1184 777 1254 succendat,
792 1191 825 1242 ut
837 1194 868 1244 et
881 1203 1020 1262 magnum
1035 1183 1168 1263 omnipo·

212 1270 286 1327 tenti
314 1269 443 1328 Domino
470 1267 509 1327 de
536 1268 702 1329 devotionis
730 1277 838 1329 vestrae
866 1268 966 1329 studio
990 1267 1207 1328 sacrificinmlt

214 1353 329 1424 offerat,
345 1364 377 1412 et
397 1373 445 1423 ea,
459 1372 526 1432 quae
544 1354 582 1413 de
601 1354 687 1414 vobis
708 1363 824 1413 nauata
840 1362 920 1425 sunt,
937 1364 969 1414 et
984 1362 1124 1413 crescant
1139 1361 1169 1412 et

213 1459 284 1498 vera
298 1459 365 1498 esse
378 1438 473 1497 modis
493 1440 627 1498 omnibus
646 1439 862 1519 approbentur;
886 1439 957 1519 quia
972 1439 1055 1497 bona
1071 1445 1169 1497 vestra

213 1543 271 1583 non
286 1524 382 1582 solum
390 1526 455 1602 jam
471 1524 550 1603 apud
565 1523 730 1594 Romanos,
745 1525 796 1603 qui
810 1544 863 1604 pro
876 1524 939 1583 vita
952 1531 1055 1583 vestra
1065 1521 1168 1582 lortius

214 1617 380 1680 oraverunt,
395 1607 552 1669 sedetiam
568 1628 620 1688 per
634 1609 752 1668 diversa
770 1609 847 1678 loca,
862 1617 894 1668 et
909 1629 1003 1688 usque
1018 1607 1167 1667 Constan-

213 1695 365 1774 tinopolim
379 1695 418 1753 ad
432 1694 649 1753 serenissimum
663 1694 823 1773 principem
838 1700 1042 1773 pervenerunt.
1067 1692 1167 1766 Unde,
1178 1710 1206 1754 15

214 1780 292 1838 sicut
309 1779 393 1839 nobis
410 1778 448 1837 de
466 1778 694 1838 Christianitatis
710 1789 817 1839 vestrae
832 1779 946 1838 solatiis
967 1778 1073 1838 laehtia
1087 1777 1169 1837 facta

214 1872 271 1934 est,
286 1865 327 1923 ita
341 1885 459 1943 quoque
477 1864 515 1922 de
531 1863 663 1942 perfecta
680 1865 849 1943 operatione
869 1872 967 1924 vestra
985 1863 1101 1941 angelis
1116 1861 1169 1922 fiat

215 1948 354 2026 gaudium
367 1950 394 2007 in
411 1949 504 2008 coelis.
546 1948 598 2008 Sic
613 1970 668 2009 vos
690 1950 719 2007 in
735 1949 882 2027 adjutorio
903 1948 1066 2029 supradicti
1084 1968 1168 2008 reve-

214 2032 379 2093 rendissimi
395 2033 492 2093 fratris
512 2043 543 2094 et
563 2035 734 2113 coepiscopi
753 2035 855 2105 nostri,
875 2041 906 2092 et
924 2053 1077 2094 servorum
1100 2032 1168 2106 Dei,

213 2138 289 2196 quos
310 2119 381 2178 illuc
399 2119 542 2188 misimus,
560 2120 589 2177 in
610 2120 801 2180 conversione
820 2119 914 2197 gentis
929 2127 1037 2180 vestrae
1058 2117 1206 2180 devorem

213 2223 250 2262 ac
265 2204 334 2263 totis
348 2204 460 2263 viribus
474 2205 629 2273 exhibete;
654 2213 686 2263 ut
701 2213 731 2263 et
750 2205 799 2263 hic
814 2203 939 2263 feliciter
952 2224 1021 2263 cum
1036 2204 1166 2281 glorioso

213 2287 275 2347 filio
296 2298 408 2358 nostro,
423 2291 547 2366 conjuge
565 2297 675 2360 vestro,
688 2290 827 2367 regnetis,
841 2299 872 2348 et
884 2298 954 2367 post
965 2289 1058 2366 longa
1076 2309 1167 2349 anno·

212 2392 276 2431 rum
304 2382 437 2452 tempora
462 2373 568 2432 futurae
596 2394 715 2454 quoque
742 2375 812 2435 vitae
841 2373 959 2452 gaudia,
984 2393 1053 2453 quae
1079 2372 1167 2433 finem

212 2459 320 2517 habere
333 2460 480 2528 nesciunt,
496 2460 630 2539 capiatis.
675 2460 802 2519 Oramus
821 2470 919 2518 autem
937 2460 1166 2539 omnipotentem

212 2541 322 2614 Deum,
336 2552 368 2602 ut
382 2545 482 2622 gloriae
497 2553 604 2603 vestrae
619 2565 671 2604 cor
684 2555 715 2604 et
728 2544 767 2603 ad
781 2543 931 2624 operanda
946 2564 1013 2624 quae
1024 2544 1164 2614 diximus,
1175 2559 1204 2605 ss

211 2630 312 2704 gratiae
330 2649 392 2688 suae
413 2629 481 2706 igne
499 2629 672 2700 succendat,
690 2638 721 2688 et
735 2638 852 2688 aeternae
871 2629 1016 2690 mercedis
1037 2627 1167 2689 fructum

209 2713 294 2773 vobis
309 2714 346 2773 de
362 2716 472 2794 placita
486 2716 543 2773 sibi
556 2716 726 2795 operatione
737 2714 891 2774 concedat.

533 2970 735 3031 NUMBER
757 2972 838 3032 VII.

341 3136 513 3201 Concilium
528 3136 705 3200 Romanum
719 3138 775 3201 sub
789 3137 965 3223 Bonifatio
979 3136 1044 3201 IV.

208 3261 384 3344 Bonifacii¹
401 3286 491 3344 papoe
513 3266 573 3325 IV.
596 3269 743 3326 decretum
761 3267 873 3346 Synodi
889 3268 1111 3345 prmalqamm
1131 3271 1203 3329 inst

223 3347 355 3408 Concilio
363 3350 508 3421 Romano,
519 3352 584 3410 III.
600 3353 659 3410 kal.
672 3351 813 3423 Martius,
825 3372 900 3410 ammo
914 3351 1030 3412 Christi
1042 3351 1152 3414 DCX.

209 3499 359 3566 Quomodo
375 3501 464 3558 liceat
485 3503 637 3560 monachos
656 3522 720 3560 cum
739 3502 915 3561 sacerdotali
933 3503 1030 3581 officio
1045 3503 1098 3562 ubi
1112 3503 1165 3562 ubi

590 3589 765 3645 ministrare.

206 3705 303 3766 SUNT
317 3707 447 3765 nonnulli
461 3707 527 3767 fulti
545 3710 626 3768 nullo
644 3708 794 3786 dogmate,
810 3708 1008 3768 audacissime
1027 3710 1160 3789 quidem,

204 3792 268 3850 zelo
282 3793 376 3870 magis
391 3793 591 3854 amaritudinis
606 3815 694 3872 quam
711 3794 868 3853 dilectione
884 3792 1067 3866 inflammati,
1079 3817 1160 3856 asse·
1171 3814 1199 3858 35

240 4024 349 4088 ¹Beda,
376 4028 411 4075 H.
429 4029 459 4076 E.
485 4043 515 4077 11.
535 4029 599 4091 iv.§
621 4032 662 4087 99,
697 4030 782 4090 synod
804 4029 832 4077 os
854 4030 944 4088 Rome,
965 4029 1027 4078 held
1047 4035 1080 4079 27
1098 4032 1159 4080 Feb.

202 4098 326 4144 mentions
342 4097 384 4145 the
397 4099 565 4160 proceedings
577 4099 606 4147 os
620 4098 663 4147 the
697 4114 722 4148 n.
737 4113 763 4148 n.
775 4103 833 4163 610,
846 4098 931 4149 which
946 4113 987 4148 we
1003 4099 1063 4149 here
1080 4101 1159 4151 intro·
