2850 4890
62 3971 178 4022 corrupted

60 4027 112 4061 stete
121 4025 145 4062 of
152 4034 196 4062 mo-

61 4073 185 4112 1111ιί11111-

62 4124 190 4164 blishmeuts.

238 335 304 399 216
511 350 696 400 nrrsrouu
719 349 805 397 vura.
826 346 933 397 annm

240 528 347 574 sacrae
363 508 535 591 religionis
549 508 731 591 pertinent,
746 507 954 570 instituatur.
1000 503 1043 568 Et
1060 498 1200 588 quidem

238 612 408 688 novimuS,
427 611 510 694 quia
528 630 591 693 per
609 609 773 673 incuriam
795 625 910 690 regum
930 604 1198 689 praecedentium

239 714 511 796 donationesque
521 711 743 776 stultissimas
753 710 881 774 factum
892 715 957 786 est,
966 714 1005 772 ut
1015 727 1086 771 non
1096 707 1200 772 facile

238 814 336 878 locus
352 833 493 892 vacans,
506 814 566 877 ubi
587 813 687 878 sedes
707 811 916 897 episcopalis
934 829 1027 874 nova
1047 809 1119 882 lieri
1141 809 1199 873 de-

238 917 329 994 beat,
344 915 490 980 inveniri
506 915 631 980 valeat.
1223 929 1238 971 5

281 1017 367 1100 510.
399 1015 620 1099 Quapropter
646 1016 861 1079 commodum
890 1013 1058 1090 duxerim,
1080 1011 1198 1076 habito

237 1118 357 1202 majori
385 1118 532 1183 concilio
561 1125 597 1181 et
625 1136 796 1181 consensu
822 1115 1012 1200 pontificali
1038 1113 1142 1178 simul
1163 1119 1199 1175 et

238 1221 354 1303 regali,
380 1221 492 1284 edicto
520 1219 753 1302 prospiciatur
778 1219 875 1283 locus
904 1217 1033 1301 aliquis
1059 1233 1198 1279 monas·

238 1321 410 1401 teriorum,
428 1321 487 1384 ubi
506 1320 608 1385 sedes
624 1319 832 1402 episcopalis
855 1320 927 1384 fiat.
972 1319 1019 1382 Et
1040 1336 1085 1381 ne
1106 1315 1197 1381 forte

238 1423 347 1487 abbas
360 1421 416 1487 vel
430 1421 589 1485 monachi
604 1420 685 1485 huic
697 1420 834 1485 decreto
853 1421 1022 1485 contraire
1037 1439 1080 1484 ac
1095 1417 1197 1482 resis
1210 1435 1239 1479 ro

237 1534 310 1589 tere
326 1523 545 1601 tentaverint,
561 1522 662 1587 detur
674 1521 743 1586 illis
757 1521 912 1598 licentia,
926 1529 965 1585 nt
979 1522 1022 1584 de
1037 1521 1112 1584 suis
1129 1520 1198 1602 ipsi

237 1626 366 1708 eligant
385 1645 473 1701 eum,
492 1624 551 1709 qui
571 1625 756 1707 episcopus
776 1624 960 1702 ordinetur,
979 1629 1015 1688 et
1035 1622 1197 1707 adjacen-

237 1729 321 1792 tium
335 1727 495 1806 locorum,
510 1733 680 1810 quotquot
695 1726 738 1790 ad
758 1725 900 1789 eandem
920 1723 1100 1789 dioecesim
1119 1741 1197 1805 per·

231 1831 383 1908 tineant,
412 1849 482 1892 una
509 1849 588 1892 cum
616 1829 693 1912 ipso
722 1828 930 1892 monasterio
955 1845 1073 1890 curam
1103 1831 1199 1907 gerat

237 1930 485 2013 episcopalem
508 1937 569 1995 aut
589 1931 619 1994 si
639 1929 728 1994 forte
747 1931 783 1992 in
806 1930 883 2011 ipso
904 1926 1113 1992 monasterio
1135 1924 1196 2008 qui
1208 1944 1235 1989 1⁶

239 2032 423 2115 episcopus
460 2031 610 2096 ordinari
646 2031 771 2095 debeat
798 2030 944 2094 inveniri
972 2035 1134 2112 nequeat,
1160 2028 1196 2092 in

238 2135 389 2216 ipsorum
415 2140 540 2212 tamen,
559 2133 665 2216 juxta
686 2139 819 2198 statuta
842 2151 1023 2209 canonum,
1046 2129 1199 2213 pendeat

238 2235 408 2314 examine,
431 2236 491 2318 qui
514 2235 556 2299 de
583 2255 648 2299 sua
670 2234 813 2299 dioecesi
838 2235 1015 2299 ordinetur
1040 2233 1196 2297 antistes.

240 2336 342 2415 Quod
358 2338 389 2401 si
404 2337 480 2416 hoc,
490 2337 540 2401 ita
551 2345 590 2401 ut
601 2336 824 2419 suggerimus,
834 2336 983 2400 Domino
999 2335 1197 2419 adjuvaute,

237 2438 431 2522 perfeceris,
445 2438 605 2502 facillime
621 2439 736 2516 etiam,
751 2445 789 2501 ut
804 2438 1017 2514 arbitramur,
1028 2437 1095 2501 hoc
1109 2437 1197 2502 obti-
1207 2455 1236 2500 eo

237 2541 346 2618 nebis,
370 2549 410 2605 ut
427 2540 533 2625 juxta
554 2540 692 2604 decreta
717 2540 810 2604 sedis
837 2540 1039 2623 apostolicae
1066 2539 1197 2604 Ebora·

237 2643 350 2706 censis
365 2642 515 2707 ecclesia
529 2641 828 2724 metropolitanum
841 2641 954 2725 possit
968 2640 1096 2705 habere
1111 2659 1197 2724 pon-

237 2744 372 2808 tificem.
421 2743 474 2807 Ac
499 2743 527 2807 si
558 2762 645 2825 opus
675 2763 752 2807 esse
780 2744 893 2806 visum
923 2741 1037 2820 fuerit,
1065 2749 1108 2806 ut
1133 2743 1197 2806 tali

237 2844 456 2924 monasterio,
483 2863 590 2909 causa
619 2844 841 2927 episcopatus
871 2843 1094 2927 suscipiendi,
1125 2863 1197 2907 am-

237 2947 330 3029 plius
365 2946 494 3031 aliquid
528 2947 679 3011 locorum
712 2967 754 3012 ac
787 2945 1044 3029 posscssionum
1078 2946 1234 3027 augeria

238 3048 374 3125 debeat,
389 3056 470 3112 sunt
484 3048 563 3112 loca
580 3048 768 3126 innumera,
783 3055 822 3111 ut
835 3047 993 3112 novimus
1009 3065 1141 3125 omnes,
1160 3049 1196 3111 in

233 3150 519 3213 monasteriorum
535 3149 688 3231 ascripta
700 3149 916 3227 vocabulum,
928 3147 988 3212 sed
1000 3146 1087 3211 nihil
1099 3168 1197 3232 pror.

232 3270 297 3313 -sus
317 3251 518 3315 monasticae
533 3250 805 3315 conversationis
820 3249 1004 3329 habentia3
1027 3269 1046 3312 e
1067 3251 1195 3332 quibus

237 3351 340 3416 velim
356 3352 473 3434 aliqua
487 3353 529 3416 de
543 3352 680 3417 luxuria
698 3353 741 3416 ad
758 3352 966 3430 castitatem,
980 3351 1023 3415 de
1038 3353 1195 3418 vanitate

235 3450 281 3515 ad
315 3453 586 3533 temperantiam,
620 3454 663 3518 de
698 3454 962 3537 intemperantia
998 3454 1127 3518 ventris
1160 3459 1237 3518 etat

237 3550 325 3632 gulae
341 3551 384 3615 ad
401 3552 647 3617 continentiam
662 3563 696 3619 et
711 3555 874 3637 pietatem
889 3554 1011 3632 cordis,
1027 3555 1196 3637 synodica

238 3653 443 3717 auctoritate
479 3654 739 3734 transferantur,
771 3664 876 3739 atque
913 3656 949 3719 in
985 3655 1195 3738 adjutorium

238 3756 330 3818 sedis
345 3755 564 3838 episcopalis,
575 3776 653 3838 quae
668 3776 776 3838 nuper
788 3756 934 3820 ordinari
948 3757 1083 3835 debeat,
1095 3777 1197 3822 assu-

237 3863 383 3920 mantur.

278 3956 357 4040 §IL
380 3957 425 4023 Et
439 3959 521 4041 quia
536 3958 731 4043 hujusmodi
742 3959 895 4023 maxima
906 3966 940 4022 et
952 3957 1098 4041 plurima
1112 3968 1194 4025 sunt
1205 3980 1236 4025 ss

236 4059 324 4137 loca,
344 4079 433 4141 quae,
452 4068 491 4124 ut
509 4061 611 4142 vulgo
631 4061 698 4124 dici
719 4059 818 4139 solet,
841 4081 951 4143 neque
978 4060 1054 4124 Deo
1081 4081 1193 4144 neque
