2850 4890
214 316 281 382 136
503 335 595 384 vrri
613 335 644 384 s.
660 332 894 396 cunurncrr,

42 503 190 555 mneos.
218 493 293 577 ejus
314 493 526 559 Cudberctus
548 495 677 577 saepius
697 512 800 557 orans
820 498 913 556 stare
930 489 987 554 vel
1008 489 1179 572 genuflec-

219 602 289 659 tere
305 596 450 673 solebat,
465 597 574 660 claris
593 594 742 659 adfixam
757 593 933 659 violentiis
949 591 1178 675 procellarum

221 697 393 778 opposuit.
489 738 492 743 -

265 795 349 879 §78
377 796 426 861 At
453 805 639 881 postquam
667 797 743 880 ipse
773 815 923 879 quoque,
950 794 1102 878 expletis
1132 793 1183 857 ibi

221 897 399 963 duodecim
415 900 588 963 continuis
603 901 714 974 annis,
726 897 889 982 gaudium
902 916 1060 979 supernae
1071 895 1181 960 beatis
1204 913 1217 957 a

220 999 349 1064 tudinis
364 1001 514 1078 intravit,
524 1020 565 1065 ac
577 1001 700 1064 tertius
710 999 823 1064 locum
835 998 981 1063 eundem
993 997 1180 1078 Felgeldus

220 1101 366 1168 incolere
395 1104 497 1186 cepit,
525 1104 657 1185 placuit
683 1101 960 1166 reverentissimo
990 1096 1191 1163 Lindisfar-.

220 1205 337 1268 nensis
358 1204 513 1268 ecclesiae
532 1204 687 1287 pontifici
703 1203 880 1281 Eadfrido,
893 1201 1101 1266 dissolutum
1120 1218 1184 1262 ve.
1274 1229 1277 1233 ¹

221 1312 351 1369 tustate
366 1305 563 1369 Oratorium
582 1305 666 1369 illud
685 1325 705 1369 a
726 1304 958 1368 fundamentis
975 1309 1179 1366 restaurare.

224 1401 324 1483 Quod
348 1407 429 1470 dum
451 1415 544 1471 esset
564 1426 651 1490 opus
672 1406 859 1489 expletum,
878 1413 913 1472 et
933 1405 1033 1468 multi
1053 1404 1221 1468 devotaro
1304 1439 1305 1442 =

223 1508 383 1590 religione
398 1528 420 1572 a
433 1509 537 1572 beato
554 1506 681 1572 Christi
696 1508 826 1571 athleta
841 1505 1004 1589 Felgeldo
1023 1503 1180 1588 postula·

222 1619 309 1687 rent,
318 1618 488 1693 quatenus
499 1609 650 1692 aliquam
660 1609 942 1691 illisparticulam
952 1607 995 1672 de
1007 1605 1186 1689 Reliquiis.

223 1713 334 1776 sancti
357 1732 398 1776 ac
419 1712 497 1776 Deo
516 1711 632 1775 dilecti
652 1711 768 1775 Patris
790 1709 983 1786 Cudbercti,
1007 1709 1081 1773 sive
1102 1726 1180 1771 suc-

223 1813 368 1876 cessoris
391 1813 465 1896 ejus
489 1813 715 1889 AEdiluualdi,
738 1811 820 1876 dare
841 1812 1038 1891 debuisset;
1067 1810 1181 1874 visum

222 1922 276 1977 est
286 1912 338 1976 illi
350 1914 496 1977 divisam
508 1914 740 1996 particulatim
749 1921 971 1977 memoratam
983 1910 1181 1996 pelliculam
1192 1928 1222 1972 rs

222 2014 418 2096 petentibus
434 2014 592 2079 dandam.
639 2016 708 2080 Sed
729 2016 871 2080 daturus
887 2036 963 2080 eam
979 2014 1069 2090 aliis,
1084 2013 1180 2096 prius

223 2116 257 2177 in
274 2135 311 2178 se
327 2117 413 2199 ipse,
428 2116 509 2198 quid
526 2117 600 2181 haec
616 2117 755 2181 virtutis
767 2117 919 2195 haberet,
933 2124 1098 2198 expertus
1114 2120 1179 2177 est.

224 2217 389 2281 Habebat
408 2237 555 2300 namque
574 2218 705 2281 vultum
726 2217 868 2282 deformi
886 2218 1008 2280 rubore
1024 2215 1126 2278 simul
1147 2221 1182 2277 et

224 2326 356 2383 tumore
371 2319 565 2401 perfusum3
589 2319 689 2402 cujus
710 2319 847 2402 quidem
867 2317 972 2382 futuri
991 2317 1028 2379 in
1047 2335 1090 2379 eo
1107 2315 1183 2378 lan-

225 2421 339 2499 guoris
355 2428 390 2483 et
403 2421 510 2502 prius,
526 2440 602 2484 cum
618 2419 730 2484 adhuc
747 2422 917 2485 communi
934 2422 1022 2484 inter
1041 2418 1181 2482 Fratres
1193 2435 1224 2478 aa

225 2521 297 2584 vita
311 2522 457 2603 degeret,
473 2522 719 2603 aspicientibus
734 2523 770 2585 in
781 2521 869 2586 facie
881 2522 955 2605 ejus
970 2521 1070 2603 signa
1084 2526 1182 2600 pate-

223 2623 319 2686 bant.
357 2622 427 2687 'At
456 2642 532 2686 cum
562 2624 599 2686 in
625 2622 809 2687 solitudine
838 2630 989 2687 remotus
1017 2621 1183 2683 minorem

224 2726 358 2808 corpori
381 2725 521 2802 cultum,
547 2724 709 2808 majorem
730 2725 907 2789 adhiberet
926 2722 1185 2797 continentiam,-

225 2832 260 2889 et
283 2827 384 2909 quasi
410 2827 542 2891 diutino
563 2847 697 2891 carcere
720 2827 886 2904 inclusus,
905 2826 1014 2889 rarius
1034 2824 1089 2888 vel
1109 2822 1185 2886 fotu

225 2926 321 3004 soliS,
341 2928 395 2992 vel
419 2929 509 2991 aeris
529 2935 683 2992 uteretur
706 2927 835 3005 afflatu,
860 2927 1013 2992 excrevit
1036 2927 1182 3006 languor
1194 2942 1225 2986 aa

225 3029 262 3091 in
275 3029 399 3113 majus,
413 3028 603 3113 faciemque
619 3037 727 3093 totam
738 3030 881 3093 tumenti
894 3028 1014 3092 ardore
1028 3025 1182 3109 replevit.

225 3129 366 3193 Timens
400 3150 491 3212 ergo,
520 3151 564 3194 ue
597 3130 685 3194 forte
719 3130 955 3212 magnitudine
988 3125 1185 3210 hujusmodi

226 3230 433 3294 infirmitatis
454 3230 642 3294 solitariam
664 3231 819 3295 deserere
839 3231 957 3307 vitam,
977 3237 1012 3294 et
1032 3247 1184 3292 commu*

226 3350 303 3393 nem
323 3350 463 3394 necesse
484 3339 577 3395 esset
598 3333 895 3396 conversationem
913 3339 1076 3415 repetere,
1091 3329 1184 3394 fideli

226 3450 311 3495 usus
327 3439 381 3496 est
394 3433 649 3514 praesumtione,
665 3433 886 3515 speravitque
907 3453 945 3496 se
964 3433 1097 3505 illorum
1119 3450 1184 3513 ope
1196 3450 1227 3494 ao

227 3533 425 3608 curandum,
439 3551 582 3614 quorum
602 3552 640 3596 se
659 3533 873 3597 mansionem
892 3542 1008 3598 tenere
1029 3540 1064 3597 et
1077 3532 1185 3596 vitam

229 3633 400 3715 gaudebat
419 3633 554 3696 imitari.
600 3633 744 3698 Mittens
764 3635 853 3699 enim
873 3634 1028 3717 praefatae
1052 3640 1185 3716 partem

229 4056 250 4103 Τ
283 3983 449 4067 “.Εα41]νὶαο.]
485 3985 547 4038 This
565 3989 585 4037 is
600 3988 631 4036 he
646 3993 671 4036 to
685 3987 767 4036 whom
787 3989 860 4036 Beda
878 3988 1009 4036 dedicates
1025 3988 1066 4036 tho
1081 3994 1184 4051 present

252 4065 352 4106 reatus.
