2850 4890
620 360 833 407 nrrnuurx.
1144 345 1209 408 235

328 603 548 669 Guueoruos¹
563 602 787 666 Brnniclrildoe
800 605 917 688 regium
930 603 1137 669 Francorum.

253 777 510 837 Excsnusumrm
532 786 637 837 vestrae
663 775 868 836 christianitas
892 778 933 836 ita
958 778 1042 837 nobis
1067 779 1210 838 veraciter

253 861 321 920 olim
339 865 473 933 innotuit,
492 870 525 921 ut
545 863 583 921 de
600 863 731 921 bonitate
754 864 819 940 ejus
837 863 1003 923 nullatenus
1020 863 1207 934 dubitemusz

253 947 307 1007 sed
319 949 415 1026 magis
428 956 540 1007 eertum
552 947 647 1008 modis
661 948 799 1007 omnibns
812 958 974 1018 teneamus,
990 949 1059 1028 quia
1072 951 1100 1008 in
1116 971 1209 1009 causa

222 1032 319 1093 ofidei
334 1034 441 1093 devote
456 1044 486 1093 et
499 1033 631 1093 studiose
647 1041 813 1102 concurrat,
828 1043 859 1091 et
873 1034 1017 1112 religiosae
1032 1035 1208 1095 sinceritatis

253 1139 317 1177 suae
336 1120 442 1178 solatia
457 1120 663 1199 copiosissime
682 1119 890 1178 subministret.
934 1121 981 1179 Ex
1001 1141 1061 1200 qua
1081 1141 1112 1180 re
1132 1123 1207 1180 bene

252 1203 447 1274 confidentes,
463 1213 582 1283 paterna
597 1205 719 1264 caritate
736 1205 899 1264 salutantes
915 1205 1079 1265 indicamus
1097 1206 1136 1265 ad
1153 1227 1207 1267 nos

252 1292 420 1369 pervenisse
442 1289 607 1367 Auglorum
627 1298 755 1368 gentem,
779 1289 847 1348 Deo
874 1299 1030 1362 annuente,
1049 1292 1126 1351 velle
1145 1291 1208 1352 fieri

253 1375 467 1443 Christianam
490 1373 544 1435 sed
557 1375 739 1444 sacerdotes,
755 1376 805 1455 qui
823 1377 851 1433 in
866 1377 964 1435 vicino
978 1388 1057 1446 sunt,
1073 1386 1207 1456 pastora-

208 1462 308 1522 lolem
333 1481 404 1538 erga
430 1481 481 1520 eos
509 1461 736 1520 sollicitudiuem
762 1481 820 1519 nou
847 1461 966 1521 babere.
1011 1462 1145 1528 Quorum
1171 1483 1207 1522 ne

251 1548 356 1605 animae
370 1549 399 1605 iu
414 1555 523 1605 aeterua
537 1546 722 1606 damnatione
738 1546 857 1605 valeant
871 1547 1014 1626 deperire,
1029 1567 1107 1606 curae
1122 1550 1206 1607 nobis

251 1632 306 1691 tuit
332 1633 521 1713 praesentium
552 1634 721 1712 portitorem
749 1632 962 1710 Augustiuum,
988 1653 1106 1692 servum
1136 1633 1206 1704 Dei,

253 1721 337 1796 eujus
353 1718 435 1778 zelus
450 1727 480 1776 et
494 1718 623 1778 studium
635 1720 710 1777 bene
725 1719 809 1776 uobis
824 1726 871 1776 est
885 1718 1044 1795 cognitum,
1059 1737 1126 1777 cum
1141 1719 1206 1778 aliis

251 1805 344 1863 serris
360 1804 418 1863 Dei
432 1803 502 1863 illuc
517 1802 659 1882 dirigere;
682 1811 715 1862 ut
729 1824 780 1882 per
794 1824 845 1863 eos
859 1805 1059 1883 potuissemus
1076 1804 1207 1883 ipsorum

207 1905 239 1949 1⁵
250 1889 417 1949 voluntates
445 1889 612 1960 addiscere,
641 1896 671 1947 et
698 1889 736 1947 de
764 1909 865 1947 eorum
893 1889 1097 1960 conversione,
1121 1891 1207 1950 vobis

251 1996 370 2055 qnoque
389 1975 596 2044 annitentibus,
614 1975 642 2032 in
666 1981 807 2053 quantum
826 1982 873 2033 est
890 1973 1044 2055 possibile,
1066 1976 1206 2053 cogitare.

252 2060 371 2126 Quibus
394 2063 483 2119 etiam
507 2060 696 2139 injunximus,
720 2070 752 2119 ut
776 2059 815 2119 ad
843 2059 959 2139 agenda
980 2061 1046 2119 haec
1068 2081 1085 2119 e
1111 2062 1208 2121 vicino

252 2165 352 2205 secum
380 2145 509 2205 debeant
537 2146 723 2225 presbyteros
751 2144 869 2205 ducere.
924 2146 1111 2205 Excellentia
1136 2167 1208 2225 ergo

251 2242 361 2302 vestra,
386 2252 453 2312 quae
485 2251 576 2311 prona
607 2232 636 2289 in
663 2231 749 2289 bouis
781 2233 936 2290 consuevit
959 2252 1027 2290 esse
1057 2233 1207 2310 operibns,

207 2333 240 2378 2⁰
251 2325 312 2376 tarn
330 2339 382 2398 pro
398 2326 498 2377 nostra
514 2317 664 2396 petitione,
686 2328 775 2395 qoam
792 2317 881 2375 etiam
900 2316 991 2376 divini
1011 2317 1123 2375 timoris
1139 2338 1208 2376 con-

252 2402 438 2473 sideratione,
464 2423 529 2461 eum
556 2402 690 2480 dignetur
714 2403 741 2460 in
767 2403 902 2461 omuibus
927 2403 1035 2462 habere
1059 2422 1208 2462 commen·

251 2488 364 2556 datum,
374 2497 462 2568 atque
473 2490 500 2547 ei
509 2487 638 2546 tuitionis
648 2486 1207 2566 suaegratiamvehementerimpendat‚
1262 2514 1267 2528 ·

252 2582 283 2632 et
305 2573 398 2633 labori
421 2576 485 2652 ejus
510 2574 663 2652 patrocinii
685 2575 730 2632 sui
755 2572 830 2632 ferat
854 2574 1010 2641 auxilinm
1035 2580 1065 2631 et
1089 2581 1121 2631 ut
1144 2573 1208 2651 pie·

251 2659 370 2717 nissime
390 2659 487 2739 possit
510 2658 618 2717 habere
643 2657 819 2729 mercedem,
837 2658 876 2717 ad
896 2659 1123 2739 suprascriptam
1141 2659 1207 2717 An-

207 2744 366 2821 sagiorum
401 2754 516 2822 gentem
551 2765 606 2803 sua
637 2745 759 2804 tuitione
792 2764 928 2803 securum
963 2745 1004 2802 ire
1036 2743 1206 2823 provideat:

251 2839 396 2907 quatenus
418 2829 503 2889 Dens
525 2838 634 2898 noster,
656 2831 708 2909 qui
731 2830 760 2887 io
778 2831 836 2889 boe
854 2830 957 2889 seculo
974 2850 1029 2889 vos
1051 2830 1134 2888 bouis
1152 2830 1208 2888 sibi

250 2915 367 2995 placitis
390 2915 551 2983 decoravit,
570 2916 618 2974 hie
640 2923 670 2973 et
691 2916 721 2973 in
740 2923 850 2975 aeterua
865 2916 964 2995 requie
985 2935 1053 2974 cum
1072 2916 1133 2974 suis
1151 2936 1207 2975 vos

252 3001 364 3059 sanetis
378 3000 468 3060 faciat
482 3000 629 3078 gratulari.

295 3087 448 3145 Praeterea
465 3085 606 3144 dilectum
625 3083 717 3143 filium
739 3093 871 3143 nostrum
894 3083 1061 3144 Candidum
1085 3085 1207 3164 presby-

207 3187 239 3231 au
250 3180 352 3242 terum,
369 3180 399 3230 et
415 3171 649 3252 patrimoniolum
664 3171 799 3230 ecelesiae
819 3179 937 3238 nostrae,
958 3169 1038 3248 quod
1058 3171 1118 3229 illic
1137 3190 1208 3228 con·

251 3259 382 3316 stitutum
397 3265 454 3326 est,
467 3265 573 3316 vestrae
588 3255 801 3315 Christianitati
816 3255 1068 3325 commendantes,
1082 3256 1209 3335 petimus

253 3353 284 3402 ut
298 3344 428 3403 tuitionis
444 3354 549 3402 vestrae
565 3343 687 3420 gratiam
701 3343 728 3400 iu
744 3342 879 3400 omnibus
895 3349 1104 3421 consequatur.

292 3658 300 3688 ¹
318 3660 400 3720 Greg.
413 3661 480 3720 Epp.
493 3659 550 3707 Lib.
559 3671 597 3707 vr.
611 3672 652 3718 ep.
666 3658 712 3705 lix.
745 3658 922 3719 commending
931 3656 1209 3719 Augustineandcan-

149 3762 151 3767 ·
251 3733 340 3781 Letter
357 3731 421 3779 from
438 3732 556 3790 Gregory
576 3732 603 3775 to
619 3728 712 3776 Bruni-
747 3728 834 3780 didus.

250 3802 331 3865 child,
343 3815 426 3862 queen
443 3800 472 3849 of
488 3801 530 3849 tbe
544 3798 655 3861 Franks,
674 3814 713 3848 re·
