2850 4890
214 329 279 393 312
586 344 799 392 annuum-x.

213 510 266 571 per
287 490 444 550 ecclesiam
462 499 593 560 vertunt;
616 493 702 571 cujus
723 489 918 550 desertionem
938 487 1028 566 quasi
1044 489 1172 564 grunitu

213 576 308 635 ferens
324 577 482 655 episcopus
496 578 547 646 ait,
564 585 572 610 ‘
588 577 646 636 Vae
660 577 713 636 tibi
728 575 914 654 Cospatrice,
928 593 974 632 vae
988 573 1042 632 tibi
1055 571 1170 651 Cospa-

214 662 304 721 trice!
328 663 377 739 qui
406 681 502 720 meam
528 664 589 721 suis
612 663 700 721 rebus
725 661 883 720 ecclesiam
907 659 1062 718 evacuasti
1085 667 1116 716 et
1142 657 1170 716 in

213 747 362 805 desertum
374 749 563 806 convertisti!
593 747 657 806 Hic
668 748 745 806 enirn
757 745 962 826 Cospatricius
974 743 1032 802 hoc
1044 744 1170 802 maxime

212 832 366 890 consilium
394 831 527 902 dederat,
553 843 585 892 ut
608 831 754 910 fugientes
782 832 939 891 ecclesiam
961 829 1169 908 relinquerent,
1194 843 1207 887 t
1244 871 1247 879 ,

213 918 336 995 ipseque
374 918 530 977 maximam
560 929 795 977 ornamentorum
825 919 889 994 ejus
917 923 1029 994 partem
1070 925 1170 978 secani

214 1002 388 1061 adduxerat.
433 1003 551 1062 Interea
566 1003 636 1062 dum
658 1022 795 1082 cuperem
811 1002 850 1061 ad
864 1000 930 1060 illos
946 998 1104 1068 accedere,
1118 1017 1170 1062 nec

213 1086 361 1156 auderem,
378 1089 498 1166 juvenis
520 1088 568 1147 ille
588 1088 680 1165 digito
703 1090 837 1158 innuens,
859 1085 1012 1145 moderata
1028 1104 1104 1144 voce
1124 1104 1169 1142 me

211 1174 326 1240 nornine
340 1193 405 1235 meo
420 1173 588 1242 advocavit,
604 1184 684 1232 etan
703 1193 821 1232 nossem
834 1192 901 1251 quoe
916 1179 998 1229 esset
1009 1170 1062 1228 illa
1075 1169 1168 1249 ponti-

211 1256 307 1315 ficalis
322 1278 449 1337 persona
462 1259 661 1336 interrogavit.
705 1257 762 1318 cni
778 1277 846 1317 cum
861 1257 974 1316 nescire
989 1275 1036 1314 me
1050 1270 1207 1334 respon-10

214 1342 324 1411 derem,
347 1343 457 1412 ‘Ista'
476 1345 528 1414 ait,
551 1352 623 1403 ‘est
639 1351 708 1403 tuus
730 1343 877 1412 dominus,
896 1349 1019 1400 sanctus
1031 1339 1170 1398 videlicet

212 1429 335 1487 antistes
357 1427 557 1488 Cutbbertus?
601 1429 765 1488 Confestim
786 1428 825 1487 ad
847 1429 911 1507 ejus
933 1425 1027 1505 pedes
1044 1424 1169 1504 procidi,

212 1515 372 1572 obsecrans
391 1525 422 1573 ut
441 1534 504 1574 suae
519 1515 654 1574 ecclesiae
669 1524 700 1574 et
716 1533 836 1573 suorum
851 1512 974 1571 miseriis
990 1511 1169 1570 subveniret.

213 1599 378 1677 Aliquanto
397 1608 474 1678 post,
494 1600 640 1659 inclinatis
658 1608 822 1660 reverenter
841 1597 880 1657 ad
899 1597 991 1657 altare
1011 1595 1169 1675 capitibus,

212 1684 291 1743 lento
317 1683 385 1742 inde
411 1693 582 1764 maturoque
606 1706 709 1763 gressu
735 1685 821 1743 simul
843 1681 1055 1762 procedebant,
1081 1689 1169 1759 atque
1180 1695 1206 1740 lo

212 1770 262 1827 ubi
287 1768 325 1828 ad
354 1771 461 1829 ostium
485 1779 688 1848 pervenerunt,
708 1771 829 1849 juvenis
856 1768 905 1827 ille
929 1768 1008 1848 prior
1032 1786 1169 1844 egressus

212 1855 372 1932 paullulum
388 1857 543 1934 processit,
558 1856 611 1915 sed
630 1857 788 1935 episcopus
806 1856 834 1913 in
853 1854 919 1933 ipso
936 1854 1014 1912 ostio
1029 1852 1168 1914 substitit.

212 1940 273 2004 Qui
292 1941 463 2018 respiciens,
485 1962 600 2019 meque,
616 1942 667 2020 qui
685 1961 704 2000 a
723 1940 809 2018 longe
826 1939 981 2019 sequebar,
1002 1937 1168 2006 advocans,

212 2031 219 2056 ‘
238 2022 318 2092 Dic‚'
332 2025 435 2103 inquit,
451 2035 458 2058 ‘
476 2025 604 2095 Eruaue,
619 2027 698 2086 nosti
715 2027 782 2105 quis
800 2025 838 2083 sit
851 2026 907 2084 iste
915 2025 1036 2102 juvenis
1048 2023 1070 2080 l'
1113 2023 1170 2082 Cui

212 2128 278 2184 ego,
295 2117 303 2141 ‘
320 2108 469 2178 Domine,’
483 2111 613 2190 inquam,
630 2119 638 2144 ⁴
655 2131 714 2170 non
732 2110 821 2170 novi!
865 2109 906 2169 Et
921 2109 971 2168 ille
992 2117 1001 2142 ⁴
1019 2107 1086 2167 Hic
1104 2108 1209 2177 est,'ao

211 2194 262 2262 ait,
284 2201 425 2254 ‘sanctus
446 2196 628 2256 Oswaldus.'
671 2195 746 2255 lude
765 2195 851 2255 simul
869 2194 1028 2253 australem
1050 2193 1168 2273 plagam

211 2280 290 2338 urbis
307 2280 405 2359 paullo
420 2281 536 2358 longius
551 2281 770 2361 progredientes
789 2281 970 2347 subsistunt;
993 2299 1055 2358 quo
1070 2288 1102 2338 et
1114 2300 1169 2357 ego

210 2374 334 2424 vocatus
350 2367 388 2425 ab
402 2367 555 2446 episcopo,
569 2369 653 2434 veni;
671 2369 836 2445 jussusque
850 2365 988 2425 deorsum
1002 2363 1169 2443 adspicere,

209 2450 318 2510 vallem
338 2450 457 2512 infinitae
480 2451 685 2531 profunditatis
706 2453 860 2510 animabus
880 2450 1028 2509 hominum
1052 2449 1170 2528 plenam

208 2535 286 2603 ridi;
309 2537 360 2594 ubi
375 2545 405 2595 et
420 2546 594 2596 memoratus
613 2537 845 2596 Gillo-Michael
862 2537 955 2616 poenis
974 2536 1167 2595 atrocioribus
1178 2551 1207 2595 25

209 2621 404 2680 cruciabatur.
450 2622 486 2680 In
506 2623 579 2681 locis
600 2623 676 2681 enim
692 2623 845 2681 teterrimis
860 2630 1021 2701 prostratus
1031 2621 1166 2698 jacebat,

209 2715 238 2763 et
252 2706 373 2765 foenaria
387 2707 463 2783 falce
479 2717 628 2786 praeacuta
643 2708 718 2767 ultra
732 2710 864 2787 citraque
883 2705 1065 2766 transfossus
1080 2707 1168 2766 intol-

209 2791 345 2850 lerabiles
376 2793 541 2870 patiebatur
569 2794 727 2852 cruciatus.
774 2793 932 2852 Clamabat
959 2792 1058 2859 miser,
1088 2790 1168 2853 diros

208 2876 337 2936 ululatos
354 2877 391 2936 de
408 2877 521 2937 flebiles
539 2899 631 2939 voces
649 2879 711 2936 sine
729 2879 943 2936 intermissione
964 2877 1169 2936 miserabiliter

208 2963 354 3032 emittens,
371 2964 509 3041 nullaque
529 2976 593 3023 erat
610 2964 716 3022 misero
731 2962 919 3041 intercapedo
937 2963 1089 3041 temporis,
1107 2977 1206 3040 quatu

208 3046 255 3106 vel
271 3046 309 3106 ad
324 3049 423 3107 boram
438 3049 581 3128 respirare
596 3058 713 3128 posset3
737 3049 905 3126 similesque
917 3048 1065 3106 cruciatus
1077 3048 1167 3106 ceteri

207 3152 308 3191 omnes
329 3135 522 3212 patiebantur.
566 3135 729 3213 inquisitus
748 3154 766 3192 a
785 3141 890 3192 sancto
912 3131 1077 3194 Cuthberto
1096 3152 1165 3192 num

207 3218 334 3296 aliquem
349 3220 389 3277 ibi
400 3239 602 3296 agnoscerem,
613 3218 762 3300 respondi,
774 3239 820 3278 me
832 3217 982 3277 Gillonem
993 3237 1164 3295 agnoscere.

206 3301 263 3360 Ille
279 3312 387 3374 autem,
404 3304 525 3374 ‘Vere'
540 3307 591 3376 ait,
608 3307 676 3364 ‘hic
691 3307 754 3384 ipse
768 3314 824 3373 est,
838 3312 969 3362 mortuus
982 3322 1108 3381 namque
1121 3304 1165 3362 bis

206 3387 330 3446 miseriis
346 3398 375 3447 et
390 3388 540 3450 doloribus
556 3400 602 3450 est
618 3390 799 3471 deputatus!
840 3388 886 3448 At
901 3409 968 3466 ego,
987 3397 996 3421 ⁴
1014 3387 1166 3458 Domine,'
1176 3404 1205 3448 aa

205 3472 335 3551 inquam,
361 3482 518 3534 ‘mortuus
541 3497 599 3535 non
625 3487 681 3546 est,
706 3496 770 3534 sero
796 3494 922 3552 namque
947 3475 975 3532 in
997 3472 1087 3532 domo
1112 3494 1166 3532 sna

206 3578 294 3616 sanus
320 3565 350 3616 et
374 3559 529 3619 incolumis
556 3569 601 3620 est
629 3562 776 3640 epulatus,
799 3560 968 3639 grandoque
997 3559 1164 3619 convivium

205 3665 280 3702 nunc
301 3644 358 3701 illis
378 3655 407 3702 et
426 3647 483 3705 illis
502 3647 576 3705 locis
595 3668 661 3705 eum
684 3645 860 3725 exspectat!
901 3644 947 3702 At
967 3643 1026 3712 ille,
1052 3644 1166 3722 ‘Ego,’

204 3730 307 3807 inquit,
331 3729 423 3789 ‘dico
446 3733 515 3810 quia
534 3741 665 3791 mortuus
687 3741 747 3799 est;
770 3732 834 3810 ipse
856 3730 932 3788 enim
955 3738 984 3788 et
1006 3729 1065 3801 alii,
1089 3750 1165 3809 quos

202 3835 269 3872 cum
285 3836 320 3872 eo
335 3815 444 3885 vidisti,
459 3819 595 3894 quoniam
611 3839 714 3896 pacem
733 3837 828 3874 meam
846 3816 993 3891 fregerunt
1006 3823 1036 3874 et
1050 3817 1120 3874 mihi
1135 3817 1162 3873 in
1173 3831 1204 3875 4ο

202 3902 275 3958 meis
291 3901 423 3978 injuriam
438 3902 579 3972 fecerunt,
594 3905 658 3962 haec
673 3912 817 3960 tormenta
832 3900 996 3959 sustinent'

242 3991 318 4056 §34
343 3986 430 4044 ‘His
450 3988 537 4046 dictis
561 3987 709 4064 evigilavi,
732 3989 889 4064 statimque
910 3987 1006 4045 socios
1025 3985 1160 4044 hortatus

202 4091 264 4127 sum
287 4080 317 4128 ut
337 4091 450 4130 mecum
472 4074 659 4141 festinarent3
684 4073 854 4132 mirantibus
876 4072 1012 4132 illistam
1034 4072 1160 4129 subitam
