2850 4890
457 369 638 429 Aucroun
656 381 745 429 vnn.
765 382 879 430 nunu.
1106 360 1151 428 33

481 743 852 812 cnrnrxxxrv.
1097 789 1122 830 ,

247 945 406 1023 Quomodo
418 951 570 1035 praviora
584 975 616 1016 se
630 952 711 1015 dicit
725 955 758 1015 iu
774 950 920 1016 extremis
933 972 1093 1037 superasse

575 1055 758 1119 certamina.

231 1253 359 1319 Tuum
375 1257 455 1320 dnm
471 1259 584 1322 senior
598 1259 712 1323 socias
725 1259 864 1322 iteraret
878 1259 913 1321 in
929 1277 1040 1335 aures,

159 1373 174 1416 s
190 1353 352 1439 Praecipit
368 1359 411 1422 ad
428 1365 563 1442 tempus
578 1366 748 1438 remeant;
771 1359 830 1441 qui
845 1359 961 1423 cerula
974 1359 1082 1440 puppi

189 1453 420 1539 Exsuperant,
434 1458 644 1543 fratrumque
658 1461 835 1523 trahentes
852 1461 988 1541 agmina
1001 1479 1127 1535 secum,

190 1555 350 1641 Quinque
365 1559 437 1624 dies
452 1568 637 1644 postquam
652 1561 761 1624 clausi
775 1560 982 1624 ferventibus
996 1560 1097 1623 undis

188 1658 391 1738 Tardarant,
406 1663 544 1726 tandem
560 1663 712 1741 redeunt,
728 1683 769 1726 ac
784 1663 939 1745 supplice
953 1662 1036 1725 fietu

189 1759 389 1843 lmpetrant,
404 1765 474 1829 cari
487 1784 604 1828 secum
619 1765 779 1845 genitoris
794 1770 834 1827 nt
849 1771 945 1827 artus

145 1880 176 1925 1⁰
189 1861 342 1928 Condere
352 1864 427 1948 jam
440 1866 554 1929 liceat.
599 1864 703 1929 Vatis
719 1866 845 1948 quibus
860 1872 895 1928 et
910 1864 1120 1947 superaddit,

187 1962 277 2042 ‘Qui
292 1967 390 2049 cupit
401 1968 621 2031 altithronum
633 1969 741 2033 victor
753 1967 980 2032 conscendere
996 1987 1146 2050 regnum,

187 2065 349 2149 Turpiter
360 2067 487 2133 infecto
505 2070 634 2134 devitet
649 2070 770 2134 cedere
783 2069 884 2147 bello,

188 2167 234 2232 Et
247 2170 356 2250 magis
372 2170 514 2233 extremi
531 2191 573 2234 ne
588 2171 623 2234 vi
638 2178 820 2253 superatus
834 2171 954 2251 agonis

186 2270 210 2333 J
212 2289 266 2334 am
280 2291 386 2354 prope
400 2273 573 2356 perceptis
587 2271 763 2337 fraudetur
778 2274 821 2336 ab
838 2273 935 2336 hoste
950 2272 1105 2352 coronis3

144 2389 175 2433 15
188 2369 258 2449 Qui
271 2373 373 2454 longo
387 2374 500 2437 nitens
515 2393 663 2438 vacuare
678 2374 793 2437 labore
807 2362 953 2450 fideleS,'

188 2472 318 2538 Ultima
328 2475 402 2558 jam
417 2476 544 2559 majore
559 2478 675 2560 quatit
689 2478 753 2541 sub
768 2484 923 2558 tempora
936 2476 1049 2559 pulsu.

187 2574 345 2658 Denique
360 2597 414 2640 me
428 2578 555 2641 crebris
568 2579 732 2661 primaevo
748 2599 769 2642 a
784 2578 865 2642 flore
880 2578 1048 2643 nefandus

187 2674 329 2740 Insidiis
344 2678 510 2760 agitabat,
525 2679 648 2743 ethaeo
664 2680 765 2743 modo
781 2680 931 2763 quinque
946 2680 1077 2743 dierum

188 2776 310 2860 Pugna
323 2778 420 2842 dolos
435 2786 576 2861 superat
589 2783 754 2844 transacti
769 2781 930 2862 temporis
946 2801 1073 2844 omnes

143 2896 176 2940 ro
188 2878 255 2942 Sed
270 2878 371 2942 facile
385 2878 528 2958 infandi,
543 2880 680 2945 Christo
695 2881 792 2960 duce,
806 2881 877 2945 tela
890 2883 1047 2962 repressi,

188 2978 274 3044 Cum
288 3001 351 3044 nec
364 3002 472 3063 parva
487 2983 555 3047 cibi
569 2991 717 3065 potusve
733 2983 897 3047 alimenta
911 2983 1071 3046 darentur

186 3080 344 3159 Tabenti,
358 3083 440 3146 licet
453 3084 522 3146 ista
535 3084 612 3147 loco
627 3103 691 3148 nec
706 3085 856 3148 membra
870 3102 1051 3148 moverem.

187 3180 262 3245 Vos
278 3203 413 3265 quoque
426 3185 520 3248 celsa
535 3205 656 3266 precor
671 3185 814 3249 servetis
824 3181 904 3268 juro
918 3204 1094 3268 perennes

187 3284 349 3349 Coelestis
364 3293 499 3368 patrum
515 3288 613 3352 vobis
628 3306 706 3369 quae
720 3287 837 3369 regula
851 3288 953 3363 cavit,

143 3404 174 3448 rs
187 3385 268 3469 Ipse
282 3387 337 3451 vel
352 3387 487 3469 exiguis
503 3408 639 3452 suerum
654 3408 731 3471 quoe
746 3407 900 3470 promere
914 3389 1027 3466 dictis,

187 3487 279 3552 Dum
293 3497 372 3552 sata
385 3508 463 3572 quae
477 3509 634 3572 proceres
650 3485 774 3552 summi
789 3509 924 3553 seruere
939 3491 1094 3572 rigarem.

188 3587 387 3667 Quamlibet
402 3599 437 3654 et
450 3591 580 3655 rabidis
595 3592 757 3674 adsurgat
772 3593 871 3655 turbo
884 3590 1053 3675 procelliS,

188 3689 313 3755 Omnia
327 3692 411 3756 ferte
427 3692 504 3769 fide,
519 3693 614 3774 regni
628 3694 663 3757 vi
678 3694 842 3775 quaeritur
857 3693 957 3772 anla;

187 3793 405 3876 Fundatique
419 3801 517 3877 petra
532 3796 692 3876 gravibus
708 3814 751 3857 ne
767 3794 878 3858 cedite
892 3795 1017 3858 nimbis

143 3914 175 3958 so
185 3894 398 3973 Tomentum,
412 3894 521 3960 furias
537 3896 708 3978 aquilonis
722 3898 863 3960 temnite
879 3915 1011 3974 saevas3

187 3995 319 4061 Ultima
329 3996 403 4079 jam
417 3997 526 4078 patris
541 4004 680 4061 maneat
695 3998 867 4061 sententia
882 3997 987 4060 cordi.

343 4204 350 4234 ¹
369 4207 462 4255 Creur
473 4199 617 4273 xxm]
637 4206 692 4254 Vit.
706 4206 783 4256 Pros.
797 4206 863 4267 Cap.
877 4217 983 4253 xxxvrr.

228 4307 317 4352 TOM.
335 4306 376 4352 ll.
822 4316 824 4320 ⁴
872 4307 895 4352 D
