2850 4890
277 337 321 400 90
563 352 655 400 vrrs
672 352 702 401 s.
719 353 949 414 cuuuuncrr,
989 320 992 324 Δ

111 527 144 575 Α.
157 527 186 574 u.
198 530 256 575 ore.
280 513 455 596 ungendas
476 513 606 595 caligas
623 514 773 596 praebere
789 513 941 594 solebat3
964 518 1163 576 contestans
1184 511 1236 575 eis

281 623 411 697 quanta
439 614 632 677 hominibus
668 615 882 692 obedientiae,
912 620 1042 697 quanta
1073 614 1120 677 sit
1153 631 1235 675 cura

280 716 482 779 humilitatis
502 715 671 791 habenda,
686 734 764 777 cum
786 715 861 779 avis
882 714 1128 796 superbissima
1147 713 1236 795 inju-

281 817 377 893 riam,
400 836 504 899 quam
527 811 655 880 homini
679 817 853 893 intulerat,
878 816 1047 897 precibus,
1074 812 1236 878 lamentis

281 924 316 980 et
331 917 525 980 muneribus
536 916 714 981 festinaret
727 916 874 980 abluere.
920 916 1077 999 Denique
1093 915 1137 979 ad
1153 915 1237 978 dan-
1262 933 1276 974 ⁵

283 1019 362 1082 dum
394 1017 586 1081 hominibus
617 1017 811 1098 exemplum
848 1017 1076 1092 correctionis,
1109 1016 1236 1079 mrdtos

283 1120 444 1201 deinceps
464 1138 573 1183 annos
591 1119 626 1180 in
646 1119 724 1199 ipsa
744 1118 858 1182 insula
877 1118 1061 1182 manebant
1074 1122 1109 1180 et
1122 1115 1236 1179 nidifi-

283 1222 419 1298 cabant,
438 1239 549 1302 neque
572 1219 701 1300 aliquid
720 1217 887 1282 molestiae
908 1219 1069 1301 cuiquam
1088 1218 1236 1298 irrogare

283 1321 465 1385 audebant.
511 1319 609 1382 Nulli
630 1327 745 1383 autem
759 1319 916 1385 videatur
935 1320 1119 1384 absurdum
1138 1339 1161 1383 a
1175 1336 1235 1382 vo-

281 1422 435 1487 latilibus
462 1420 604 1485 formam
623 1421 762 1484 'discere
789 1421 936 1500 virtutis,
965 1441 1044 1486 cum
1072 1420 1235 1484 Salomon
1247 1437 1276 1482 ro

283 1524 386 1601 dicat,
407 1522 531 1587 ‘Vade
551 1522 595 1585 ad
617 1522 804 1600 formicam,
824 1521 854 1584 0
879 1523 984 1605 piger,
1003 1529 1038 1586 et
1058 1521 1237 1586 considera
1276 1595 1283 1610 Ι

282 1625 357 1690 vias
374 1625 459 1709 ejus,
473 1633 510 1692 et
523 1625 618 1690 disce
633 1625 858 1709 sapientiam’

613 1960 773 2026 CAPUT
796 1961 908 2026 XXI.

337 2129 482 2200 Qualiter
496 2133 562 2219 ejus
574 2131 808 2196 necessitatibus
822 2133 917 2195 etium
931 2152 1015 2194 more
1028 2131 1182 2195 servierit.

111 2351 267 2454 3153&qung
284 2334 302 2418 ᾗ
317 2334 370 2400 35.
394 2335 481 2398 Nou
507 2336 617 2399 solum
643 2342 757 2399 autem
778 2335 879 2411 aeris,
901 2332 962 2396 sed
980 2338 1016 2396 et
1034 2331 1139 2395 maris
1160 2329 1233 2394 ani-
1248 2348 1276 2392 u

112 2454 195 2493 amar.
285 2437 398 2514 malia,
421 2437 489 2499 imo
512 2444 547 2500 et
570 2437 682 2518 ipsum
705 2455 810 2512 mare,
833 2436 924 2499 sicut
947 2441 982 2498 et
1005 2441 1116 2497 aeret
1135 2431 1237 2513 ignis,

277 2537 384 2621 juxta
398 2537 489 2621 quod
505 2539 540 2600 in
556 2537 787 2619 superioribus
799 2537 1033 2618 exposuimus
1044 2534 1118 2598 viro
1136 2551 1237 2598 vene-

281 2640 381 2703 rabili
409 2640 583 2721 praebuere
614 2639 825 2721 obsequium.
878 2635 947 2715 Qui
976 2636 1065 2699 enim
1093 2633 1237 2698 Auctori

282 2741 432 2816 omnium
461 2749 693 2805 creaturarum
721 2739 866 2803 fideliter
899 2745 935 2802 et
967 2738 1098 2817 integro
1134 2736 1237 2799 corde

281 2840 474 2917 famulatur,
497 2861 566 2904 non
588 2848 642 2904 est
660 2839 850 2904 mirandum
871 2839 901 2902 si
925 2837 999 2920 ejus
1020 2836 1171 2918 imperiis
1194 2853 1277 2900 acm

282 2942 373 3006 votis
389 2941 498 3004 omnis
514 2949 669 3005 creatura
683 2939 866 3004 deserviat.
898 2936 947 3001 At
960 2957 1024 3000 nos
1038 2936 1237 3018 plerumque

282 3041 409 3105 idcirco
434 3039 598 3122 subjectae
627 3041 724 3104 nobis
754 3048 918 3103 creaturae
947 3039 1133 3102 dominium
1161 3056 1237 3120 per-

282 3141 405 3216 dimus,
421 3140 502 3221 quia
517 3139 665 3202 Domino
685 3148 720 3204 et
734 3140 889 3204 Creatori
910 3141 1061 3204 omnium
1080 3140 1147 3222 ipsi
1167 3159 1236 3203 ser·

281 3240 352 3303 vire
372 3239 584 3320 negligimus.
629 3238 675 3302 Et
694 3239 818 3322 ipsum,
839 3241 991 3324 inquam,
1012 3260 1104 3303 mare
1124 3259 1237 3322 prom-

282 3347 354 3402 tum
375 3338 503 3402 famulo
522 3337 661 3415 Christi,
681 3341 740 3404 ubi
759 3360 846 3422 opus
867 3342 998 3418 habuit,
1016 3341 1277 3424 impendebat-25

284 3438 441 3502 officium.
486 3440 703 3522 Disponebat
728 3462 876 3525 namque
904 3442 1084 3525 parvulam
1107 3441 1174 3506 sibi
1201 3442 1237 3504 in

283 3558 346 3602 suo
363 3542 580 3618 monasterio,
600 3541 660 3605 sed
680 3549 715 3605 et
735 3543 949 3625 quotidianis
971 3543 1236 3607 necessitatibus

283 3646 411 3720 aptam,
435 3641 579 3705 condere
604 3642 769 3719 casulam,
793 3644 849 3706 cui
873 3664 893 3706 a
915 3651 1013 3724 parte
1034 3643 1149 3719 maris,
1167 3662 1237 3724 qua

318 3917 336 3947 ¹⁰
352 3916 558 4057 Solonroadieutf
576 3922 655 3972 Prov.
669 3923 740 3971 vid.
813 3920 831 3951 ¹⁷
847 3918 1032 3990 Superiorilm]
1056 3925 1236 3986 Seechapters

318 3987 336 4016 ¹³
354 3990 446 4038 Carur
458 3987 536 4047 XXL
584 3991 637 4038 Vit.
657 3989 739 4041 Anon.
777 3993 815 4053 iii,
828 4009 854 4054 x,
867 3994 923 4055 xiii,
935 3995 988 4055 xiv,
1000 3995 1063 4042 xvii.

280 4058 353 4124 §263
373 4061 426 4109 vit.
439 4060 505 4109 Met.
519 4062 583 4120 Cup.
596 4074 652 4108 arx.
