2850 4890
278 348 379 396 nrsr.
397 347 481 395 nnn.
498 346 772 410 cravnnsrun,
789 347 902 396 ruer.
920 347 1038 395 anon.
1082 331 1148 397 331

187 490 289 551 ordine
303 492 483 564 decantavit,
496 491 609 553 addens
625 491 664 553 ad
679 492 921 552 consuetudinem
937 493 1076 573 priscam,
1088 513 1149 573 qua

189 597 242 657 per
260 599 354 638 anuos
375 580 514 659 plurimos
533 578 667 639 canendo
691 579 860 658 psalterium
879 599 995 638 currere
1014 579 1147 648 solebat;

187 672 218 722 et
230 685 324 725 sacrae
338 666 494 725 oblationis
509 665 635 726 hostiam
650 685 703 744 pro
720 686 752 724 se
768 653 889 744 suisque
903 665 1030 724 Domino
1045 665 1148 724 offerre

191 749 271 808 nullo
293 750 340 810 die
357 751 552 831 praetermisit,
568 752 656 809 etiam
675 771 742 809 curn
758 771 817 830 prae
837 750 985 809 nimietate
1000 752 1149 828 languoris

161 837 322 914 nequitate
357 857 414 895 non
442 837 544 896 valens
578 836 738 896 caballario
765 837 918 895 ferr-eretur
952 838 980 895 in
1015 838 1150 913 grabato,

191 930 319 1000 excepta
337 922 388 981 illa
404 922 559 982 dumtaxat
578 942 646 992 una,
661 943 721 1000 qua
740 922 940 1000 quatientibus
957 942 1062 980 navem
1084 942 1150 1002 pro·

190 1006 285 1077 cellis,
308 1017 370 1067 tota
397 1007 553 1068 laborabat
576 1009 604 1067 in
633 1009 717 1078 mari,
745 1015 776 1066 et
799 1016 925 1087 quatuor
948 1016 1015 1068 ante
1038 1008 1150 1067 obitum

194 1112 280 1152 suum
294 1091 411 1153 diebus.

233 1183 311 1251 534.
346 1180 439 1238 Erant
466 1180 496 1237 in
523 1180 663 1239 comitatu
693 1182 758 1259 ejus
785 1179 937 1258 octoginta
963 1178 1079 1237 circiter
1096 1179 1151 1237 viri

151 1278 181 1322 ιο
192 1262 318 1322 diversis
346 1265 464 1324 collecti
490 1264 529 1324 de
556 1267 699 1344 partibus,
727 1266 778 1344 qui
804 1265 886 1323 illum
911 1263 1038 1322 universi
1064 1265 1152 1343 quasi

189 1359 303 1428 patrem
332 1351 531 1430 sequebantur
558 1359 589 1410 et
616 1351 755 1411 colebant
782 1370 879 1409 suum.
923 1348 1007 1409 Nam
1031 1356 1062 1407 et
1086 1350 1151 1428 ipse

193 1434 255 1493 suis
277 1444 459 1517 praeceperat
479 1436 629 1507 ministris,
652 1445 685 1495 ut
703 1437 729 1496 si
748 1436 867 1515 quidem
886 1433 925 1494 de
944 1435 1152 1494 comitantibus

194 1539 227 1579 se
248 1520 418 1580 alimentum
436 1541 494 1580 non
513 1523 621 1582 babere
642 1523 866 1601 comperissent,
886 1520 1041 1580 confestim
1060 1521 1087 1579 ei
1104 1521 1152 1580 vel

194 1606 292 1664 cibum
307 1607 355 1665 vel
375 1608 497 1686 pretium
514 1608 637 1676 darent:
659 1616 722 1667 erat
739 1609 847 1688 quippe
865 1617 969 1666 natura
989 1607 1152 1666 misericors

151 1707 184 1751 1⁵
196 1698 226 1750 et
252 1712 411 1770 pauperum
441 1694 536 1752 cultor
568 1695 704 1753 eximius.
761 1693 898 1772 Denique
926 1691 1093 1771 profecturo
1123 1702 1154 1751 et

194 1776 401 1855 proficiscente
419 1779 472 1838 illo
491 1779 645 1838 unanimus
666 1799 821 1858 egenorum
840 1797 1040 1856 rugorumque
1062 1778 1153 1854 gerni·

194 1872 254 1932 tus,
284 1865 372 1943 quasi
402 1875 485 1942 patre
519 1885 552 1924 se
577 1873 608 1923 et
636 1865 739 1924 alitore
765 1865 949 1933 destitutum,
978 1864 1150 1924 testabatur.

196 1946 289 2013 Quod
310 1950 424 2008 virtutis
450 1970 542 2028 genus
570 1951 636 2029 ipse
662 1970 719 2009 non
745 1951 841 2010 solum
871 1950 974 2009 timore
998 1958 1029 2007 et
1054 1969 1154 2008 amore

197 2053 324 2113 superno
338 2035 587 2105 commendatum,
599 2035 652 2095 sed
664 2044 694 2095 et
705 2056 723 2095 a
734 2045 865 2115 parente,
876 2035 963 2115 quasi
977 2034 1154 2094 hereditario

153 2133 186 2178 20
190 2121 260 2197 jure
287 2129 470 2200 susceptum,
499 2120 620 2180 sedulus
648 2141 787 2182 exercere
815 2122 948 2181 curabat.
1001 2120 1154 2200 Siquidem
1172 2141 1313 2182 nneeroreor

198 2215 279 2284 pater
293 2205 397 2285 ipsius,
414 2226 481 2265 curn
498 2207 712 2267 nobilissimum
727 2208 885 2266 comitatus
901 2214 1001 2284 ageret
1015 2205 1155 2276 officium,
1173 2194 1285 2233 ¹¹⁵⁸‘⁸““'·

197 2291 227 2349 in
250 2299 362 2350 tantum
392 2292 609 2363 misericordiae,
637 2313 705 2372 quae
736 2291 770 2352 fit
797 2293 826 2351 in
854 2313 1010 2371 pauperes,
1039 2312 1155 2371 semper

197 2378 335 2455 operibus
357 2378 518 2455 gaudebat,
534 2387 566 2437 ut
587 2399 655 2438 curn
672 2377 802 2458 quodam
818 2388 949 2456 tempore
971 2376 1156 2457 permagnifi-

198 2463 310 2521 centias
330 2464 518 2542 suscipiendo
533 2465 595 2541 regi
610 2465 713 2544 epulas
728 2472 874 2544 parasset,
891 2463 945 2522 sed
960 2464 1036 2522 hunc
1055 2483 1155 2543 super-

154 2549 318 2607 reveniens
339 2550 488 2629 inopinata
511 2550 580 2608 belli
602 2551 776 2618 necessitas,
798 2569 834 2608 ne
859 2569 896 2607 eo
919 2549 1017 2607 venire
1042 2558 1155 2628 posset,

198 2634 368 2703 retardaret,
399 2635 459 2706 ille,
487 2637 597 2713 gratias
626 2636 735 2696 divinae
764 2635 987 2714 Dispensationi
1013 2633 1153 2704 referens,

199 2721 297 2778 statim
321 2740 423 2779 omnes
442 2741 600 2800 pauperes,
624 2723 806 2801 peregrinos,
829 2720 1012 2797 languentes,
1033 2721 1157 2779 circurn-

199 2826 316 2885 quaque
331 2807 431 2865 vocari
447 2804 486 2865 ad
502 2807 617 2886 epulas,
632 2815 662 2866 et
676 2828 743 2887 quae
758 2807 819 2884 regi
835 2817 949 2865 terreno
964 2826 1000 2865 ac
1016 2806 1155 2865 ministris
1187 2848 1193 2860 .

201 2893 264 2968 ejus
285 2891 453 2950 exbibenda
471 2900 676 2971 proposuerat,
692 2913 806 2952 summo
819 2893 884 2970 jann
903 2891 984 2970 Regi
999 2892 1026 2950 in
1044 2891 1158 2950 humili-

157 2978 256 3035 sobus
279 2978 357 3036 illius
386 2984 502 3037 aeternae
527 2980 621 3056 gratia
645 2979 842 3038 retributionis
869 2978 1042 3036 exhibuerit.
1085 2975 1157 3057 Ipse

198 3062 315 3140 quidem
340 3083 394 3141 per
421 3083 454 3122 se
481 3065 610 3123 maribus
636 3085 751 3124 omnem
777 3063 948 3142 impendens
973 3062 1157 3131 famulatum,

200 3168 286 3226 porro
294 3151 449 3226 conjugem
461 3169 545 3208 suam
555 3149 671 3209 feminis
679 3150 847 3209 humillimae
858 3149 1031 3208 ancillarum
1039 3148 1157 3208 lamulae

201 3253 252 3313 per
266 3235 394 3313 seipsam
409 3234 438 3293 in
453 3237 589 3295 omnibus
603 3235 743 3296 exhibere
756 3235 939 3315 praecipiens.

244 3324 257 3392 ξ
273 3326 322 3378 35.
345 3319 489 3379 Pervenit
503 3330 601 3380 autem
617 3321 766 3399 Lingonas
780 3320 948 3380 Ceolfridus
963 3319 1044 3379 circa
1057 3319 1159 3379 horam

158 3423 189 3467 35
200 3403 259 3463 diei
274 3406 399 3475 tertiam,
414 3413 521 3465 octavo
536 3406 727 3466 kalendarum
742 3407 918 3466 Octobrium
933 3406 987 3484 [22
1002 3404 1111 3485 Sept.],
1130 3415 1162 3465 ut

202 3491 342 3561 diximus,
364 3491 520 3570 incipiente
545 3492 704 3552 indictione
725 3492 965 3572 quintadecima;
994 3492 1161 3571 applicans·

202 3598 260 3657 que
290 3578 319 3635 iu
349 3578 441 3656 pratis
468 3576 603 3656 ejusdem
631 3578 758 3638 civitatis
788 3587 935 3657 gratanter
963 3599 982 3636 a
1009 3576 1161 3654 Gangullo

203 3664 353 3741 regionum
367 3663 479 3722 illarum
494 3664 613 3723 domino
629 3675 787 3744 susceptus
804 3673 860 3734 est,
875 3664 985 3743 quippe
999 3663 1050 3740 qui
1064 3663 1161 3742 ipsum

203 3760 234 3808 et
252 3750 281 3807 in
301 3749 350 3808 via
369 3750 448 3829 prius
469 3748 623 3809 inveniens
647 3750 698 3809 illo
724 3750 822 3809 venire
843 3756 873 3808 et
894 3750 1019 3825 benigne
1039 3748 1162 3828 suscipi,

239 4031 259 4061 θ’
278 4025 580 4100 Cordugem...fomu1oe.]
598 4030 668 4080 Such
701 4033 756 4078 text
783 4029 806 4077 is
834 4027 895 4078 here
926 4030 1079 4092 apparently
1107 4045 1162 4080 eor-

205 4106 227 4154 is
241 4104 283 4153 the
296 4104 404 4165 reading
416 4101 445 4152 os
455 4102 498 4152 the
517 4102 577 4152 MS.
612 4101 668 4150 The
702 4099 806 4163 rupted.
