<?xml version="1.0" encoding="UTF-8"?>
<!DOCTYPE html PUBLIC "-//W3C//DTD XHTML 1.0 Transitional//EN"
    "http://www.w3.org/TR/xhtml1/DTD/xhtml1-transitional.dtd">
<html xmlns="http://www.w3.org/1999/xhtml" xml:lang="en" lang="en">
 <head>
  <title>
</title>
<meta http-equiv="Content-Type" content="text/html;charset=utf-8" />
  <meta name='ocr-system' content='tesseract 3.04.00' />
  <meta name='ocr-capabilities' content='ocr_page ocr_carea ocr_par ocr_line ocrx_word'/>
</head>
<body>
  <div class='ocr_page' id='page_1' title='image "./venerabilisbeda00bedegoog_0086.png"; bbox 0 0 2850 4890; ppageno 0'>
   <div class='ocr_carea' id='block_1_1' title="bbox 459 366 1145 432">
    <p class='ocr_par' dir='ltr' id='par_1_1' title="bbox 459 366 1145 432">
     <span class='ocr_line' id='line_1_1' title="bbox 459 366 1145 432; baseline -0.004 0"><span class='ocrx_word' id='word_1_1' title='bbox 459 385 638 432; x_wconf 73' lang='lat' dir='ltr'><strong>ruccone</strong></span> <span class='ocrx_word' id='word_1_2' title='bbox 656 384 743 431; x_wconf 83' lang='lat' dir='ltr'><strong>vnn.</strong></span> <span class='ocrx_word' id='word_1_3' title='bbox 763 385 874 431; x_wconf 77' lang='lat' dir='ltr'><strong>naon.</strong></span> <span class='ocrx_word' id='word_1_4' title='bbox 1101 366 1145 429; x_wconf 81' lang='lat'><strong>65</strong></span> 
     </span>
    </p>
   </div>
   <div class='ocr_carea' id='block_1_2' title="bbox 137 541 1308 2447">
    <p class='ocr_par' dir='ltr' id='par_1_2' title="bbox 137 541 1308 2447">
     <span class='ocr_line' id='line_1_2' title="bbox 181 541 1301 626; baseline -0.002 -23"><span class='ocrx_word' id='word_1_5' title='bbox 181 541 344 619; x_wconf 83' lang='lat' dir='ltr'>fecerant,</span> <span class='ocrx_word' id='word_1_6' title='bbox 365 544 575 626; x_wconf 91' lang='lat' dir='ltr'><strong>respondens</strong></span> <span class='ocrx_word' id='word_1_7' title='bbox 595 543 724 620; x_wconf 89' lang='lat' dir='ltr'><strong>statim,</strong></span> <span class='ocrx_word' id='word_1_8' title='bbox 745 542 815 606; x_wconf 89' lang='lat' dir='ltr'><strong>‘Et</strong></span> <span class='ocrx_word' id='word_1_9' title='bbox 833 542 915 625; x_wconf 91' lang='lat' dir='ltr'><strong>quid</strong></span> <span class='ocrx_word' id='word_1_10' title='bbox 934 541 1036 624; x_wconf 90' lang='lat' dir='ltr'><strong>jaceo</strong></span> <span class='ocrx_word' id='word_1_11' title='bbox 1046 543 1070 604; x_wconf 85' lang='lat' dir='ltr'><strong>l&#39;</strong></span> <span class='ocrx_word' id='word_1_12' title='bbox 1093 541 1143 604; x_wconf 86' lang='lat' dir='ltr'><strong>in·</strong></span> <span class='ocrx_word' id='word_1_13' title='bbox 1158 554 1192 604; x_wconf 82' lang='lat' dir='ltr'><strong>A.</strong></span> <span class='ocrx_word' id='word_1_14' title='bbox 1202 554 1301 603; x_wconf 73' lang='lat' dir='ltr'><strong>ocor.</strong></span> 
     </span>
     <span class='ocr_line' id='line_1_3' title="bbox 182 643 1143 728; baseline -0.002 -22"><span class='ocrx_word' id='word_1_15' title='bbox 182 644 268 726; x_wconf 91' lang='lat' dir='ltr'><strong>quit,</strong></span> <span class='ocrx_word' id='word_1_16' title='bbox 284 650 293 678; x_wconf 91' lang='lat'>‘</span> <span class='ocrx_word' id='word_1_17' title='bbox 308 663 419 726; x_wconf 92' lang='lat' dir='ltr'><strong>neque</strong></span> <span class='ocrx_word' id='word_1_18' title='bbox 438 645 528 708; x_wconf 92' lang='lat' dir='ltr'><strong>enim</strong></span> <span class='ocrx_word' id='word_1_19' title='bbox 548 646 738 728; x_wconf 89' lang='lat' dir='ltr'><strong>putandum</strong></span> <span class='ocrx_word' id='word_1_20' title='bbox 758 653 821 722; x_wconf 88' lang='lat' dir='ltr'><strong>est,</strong></span> <span class='ocrx_word' id='word_1_21' title='bbox 837 645 920 726; x_wconf 90' lang='lat' dir='ltr'><strong>quia</strong></span> <span class='ocrx_word' id='word_1_22' title='bbox 934 652 987 708; x_wconf 94' lang='lat' dir='ltr'><strong>tot</strong></span> <span class='ocrx_word' id='word_1_23' title='bbox 1002 643 1143 706; x_wconf 88' lang='lat' dir='ltr'><strong>talium-</strong></span> 
     </span>
     <span class='ocr_line' id='line_1_4' title="bbox 181 744 1143 829; baseline -0.001 -21"><span class='ocrx_word' id='word_1_24' title='bbox 181 766 248 827; x_wconf 90' lang='lat' dir='ltr'><strong>que</strong></span> <span class='ocrx_word' id='word_1_25' title='bbox 264 747 412 808; x_wconf 87' lang='lat' dir='ltr'><strong>virorum</strong></span> <span class='ocrx_word' id='word_1_26' title='bbox 427 765 545 828; x_wconf 85' lang='lat' dir='ltr'><strong>preces</strong></span> <span class='ocrx_word' id='word_1_27' title='bbox 559 746 655 810; x_wconf 90' lang='lat' dir='ltr'><strong>Deus</strong></span> <span class='ocrx_word' id='word_1_28' title='bbox 677 747 883 829; x_wconf 86' lang='lat' dir='ltr'><strong>despexerit.</strong></span> <span class='ocrx_word' id='word_1_29' title='bbox 926 744 1019 808; x_wconf 87' lang='lat' dir='ltr'><strong>Date</strong></span> <span class='ocrx_word' id='word_1_30' title='bbox 1036 746 1143 808; x_wconf 91' lang='lat' dir='ltr'><strong>bacu-</strong></span> 
     </span>
     <span class='ocr_line' id='line_1_5' title="bbox 182 846 1143 928; baseline -0.002 -19"><span class='ocrx_word' id='word_1_31' title='bbox 182 848 253 909; x_wconf 92' lang='lat' dir='ltr'><strong>lum</strong></span> <span class='ocrx_word' id='word_1_32' title='bbox 279 854 313 909; x_wconf 92' lang='lat' dir='ltr'><strong>et</strong></span> <span class='ocrx_word' id='word_1_33' title='bbox 341 847 470 927; x_wconf 82' lang='lat' dir='ltr'><strong>caligas</strong></span> <span class='ocrx_word' id='word_1_34' title='bbox 482 846 796 928; x_wconf 87' lang='lat' dir='ltr'><strong>;’—confestimque</strong></span> <span class='ocrx_word' id='word_1_35' title='bbox 821 864 1008 926; x_wconf 88' lang='lat' dir='ltr'><strong>exsurgens</strong></span> <span class='ocrx_word' id='word_1_36' title='bbox 1035 846 1143 925; x_wconf 89' lang='lat' dir='ltr'><strong>coepit</strong></span> 
     </span>
     <span class='ocr_line' id='line_1_6' title="bbox 151 947 1142 1028; baseline 0 -20"><span class='ocrx_word' id='word_1_37' title='bbox 151 953 312 1010; x_wconf 72' lang='lat' dir='ltr'><strong>stentare</strong></span> <span class='ocrx_word' id='word_1_38' title='bbox 326 948 509 1024; x_wconf 89' lang='lat' dir='ltr'><strong>incessum,</strong></span> <span class='ocrx_word' id='word_1_39' title='bbox 523 947 647 1011; x_wconf 87' lang='lat' dir='ltr'><strong>baculo</strong></span> <span class='ocrx_word' id='word_1_40' title='bbox 667 947 828 1023; x_wconf 71' lang='lat' dir='ltr'><strong>innitens</strong></span> <span class='ocrx_word' id='word_1_41' title='bbox 843 953 877 1010; x_wconf 90' lang='lat' dir='ltr'><strong>et</strong></span> <span class='ocrx_word' id='word_1_42' title='bbox 892 953 1066 1010; x_wconf 86' lang='lat' dir='ltr'><strong>crescente</strong></span> <span class='ocrx_word' id='word_1_43' title='bbox 1081 965 1142 1028; x_wconf 90' lang='lat' dir='ltr'><strong>per</strong></span> 
     </span>
     <span class='ocr_line' id='line_1_7' title="bbox 183 1047 1141 1130; baseline 0 -20"><span class='ocrx_word' id='word_1_44' title='bbox 183 1048 258 1111; x_wconf 93' lang='lat' dir='ltr'><strong>dies</strong></span> <span class='ocrx_word' id='word_1_45' title='bbox 282 1049 418 1126; x_wconf 72' lang='lat' dir='ltr'><strong>uirtute,</strong></span> <span class='ocrx_word' id='word_1_46' title='bbox 441 1049 626 1112; x_wconf 88' lang='lat' dir='ltr'><strong>sanitatem</strong></span> <span class='ocrx_word' id='word_1_47' title='bbox 644 1048 782 1130; x_wconf 92' lang='lat' dir='ltr'><strong>quidem</strong></span> <span class='ocrx_word' id='word_1_48' title='bbox 800 1048 947 1130; x_wconf 90' lang='lat' dir='ltr'><strong>recepit:</strong></span> <span class='ocrx_word' id='word_1_49' title='bbox 974 1047 1033 1111; x_wconf 92' lang='lat' dir='ltr'><strong>sed</strong></span> <span class='ocrx_word' id='word_1_50' title='bbox 1058 1047 1141 1129; x_wconf 88' lang='lat' dir='ltr'><strong>quia</strong></span> 
     </span>
     <span class='ocr_line' id='line_1_8' title="bbox 181 1148 1141 1232; baseline -0.002 -20"><span class='ocrx_word' id='word_1_51' title='bbox 181 1157 304 1226; x_wconf 87' lang='lat' dir='ltr'><strong>tumor,</strong></span> <span class='ocrx_word' id='word_1_52' title='bbox 330 1150 390 1232; x_wconf 93' lang='lat' dir='ltr'><strong>qui</strong></span> <span class='ocrx_word' id='word_1_53' title='bbox 417 1151 451 1213; x_wconf 93' lang='lat' dir='ltr'><strong>in</strong></span> <span class='ocrx_word' id='word_1_54' title='bbox 478 1149 604 1213; x_wconf 87' lang='lat' dir='ltr'><strong>femore</strong></span> <span class='ocrx_word' id='word_1_55' title='bbox 634 1148 708 1232; x_wconf 90' lang='lat' dir='ltr'><strong>ejus</strong></span> <span class='ocrx_word' id='word_1_56' title='bbox 738 1151 894 1230; x_wconf 87' lang='lat' dir='ltr'><strong>parebat,</strong></span> <span class='ocrx_word' id='word_1_57' title='bbox 924 1148 1091 1230; x_wconf 90' lang='lat' dir='ltr'><strong>paulatim</strong></span> <span class='ocrx_word' id='word_1_58' title='bbox 1119 1167 1141 1211; x_wconf 91' lang='lat' dir='ltr'><strong>a</strong></span> 
     </span>
     <span class='ocr_line' id='line_1_9' title="bbox 182 1249 1142 1334; baseline -0.001 -20"><span class='ocrx_word' id='word_1_59' title='bbox 182 1251 360 1333; x_wconf 87' lang='lat' dir='ltr'><strong>superficie</strong></span> <span class='ocrx_word' id='word_1_60' title='bbox 376 1252 612 1316; x_wconf 85' lang='lat' dir='ltr'><strong>detumescens</strong></span> <span class='ocrx_word' id='word_1_61' title='bbox 633 1252 783 1334; x_wconf 88' lang='lat' dir='ltr'><strong>corporis</strong></span> <span class='ocrx_word' id='word_1_62' title='bbox 805 1252 850 1315; x_wconf 92' lang='lat' dir='ltr'><strong>ad</strong></span> <span class='ocrx_word' id='word_1_63' title='bbox 872 1253 1040 1316; x_wconf 84' lang='lat' dir='ltr'><strong>viscerum</strong></span> <span class='ocrx_word' id='word_1_64' title='bbox 1054 1249 1142 1313; x_wconf 90' lang='lat' dir='ltr'><strong>inte·</strong></span> 
     </span>
     <span class='ocr_line' id='line_1_10' title="bbox 181 1353 1141 1436; baseline -0.001 -21"><span class='ocrx_word' id='word_1_65' title='bbox 181 1353 271 1417; x_wconf 89' lang='lat' dir='ltr'><strong>riora</strong></span> <span class='ocrx_word' id='word_1_66' title='bbox 293 1353 478 1436; x_wconf 88' lang='lat' dir='ltr'><strong>prolapsus</strong></span> <span class='ocrx_word' id='word_1_67' title='bbox 499 1363 563 1432; x_wconf 92' lang='lat' dir='ltr'><strong>est,</strong></span> <span class='ocrx_word' id='word_1_68' title='bbox 581 1361 654 1418; x_wconf 95' lang='lat' dir='ltr'><strong>toto</strong></span> <span class='ocrx_word' id='word_1_69' title='bbox 672 1373 771 1435; x_wconf 86' lang='lat' dir='ltr'><strong>paene</strong></span> <span class='ocrx_word' id='word_1_70' title='bbox 791 1353 873 1418; x_wconf 89' lang='lat' dir='ltr'><strong>vitae</strong></span> <span class='ocrx_word' id='word_1_71' title='bbox 896 1371 969 1414; x_wconf 88' lang='lat' dir='ltr'><strong>suae</strong></span> <span class='ocrx_word' id='word_1_72' title='bbox 989 1358 1141 1432; x_wconf 90' lang='lat' dir='ltr'><strong>tempore</strong></span> 
     </span>
     <span class='ocr_line' id='line_1_11' title="bbox 138 1452 1141 1536; baseline -0.003 -20"><span class='ocrx_word' id='word_1_73' title='bbox 138 1472 171 1516; x_wconf 89' lang='lat' dir='ltr'><strong>ro</strong></span> <span class='ocrx_word' id='word_1_74' title='bbox 183 1454 436 1536; x_wconf 88' lang='lat' dir='ltr'><strong>aliquantulum</strong></span> <span class='ocrx_word' id='word_1_75' title='bbox 461 1456 712 1519; x_wconf 85' lang='lat' dir='ltr'><strong>interaneorum</strong></span> <span class='ocrx_word' id='word_1_76' title='bbox 733 1474 802 1517; x_wconf 91' lang='lat' dir='ltr'><strong>non</strong></span> <span class='ocrx_word' id='word_1_77' title='bbox 828 1454 990 1517; x_wconf 85' lang='lat' dir='ltr'><strong>cessabat</strong></span> <span class='ocrx_word' id='word_1_78' title='bbox 1015 1452 1141 1516; x_wconf 87' lang='lat' dir='ltr'><strong>sentire</strong></span> 
     </span>
     <span class='ocr_line' id='line_1_12' title="bbox 182 1551 1140 1639; baseline -0.004 -22"><span class='ocrx_word' id='word_1_79' title='bbox 182 1555 343 1634; x_wconf 92' lang='lat' dir='ltr'><strong>dolorem,</strong></span> <span class='ocrx_word' id='word_1_80' title='bbox 358 1556 520 1621; x_wconf 88' lang='lat' dir='ltr'><strong>videlicet</strong></span> <span class='ocrx_word' id='word_1_81' title='bbox 507 1564 577 1620; x_wconf 90' lang='lat' dir='ltr'><strong>tut</strong></span> <span class='ocrx_word' id='word_1_82' title='bbox 594 1556 700 1639; x_wconf 90' lang='lat' dir='ltr'><strong>juxta</strong></span> <span class='ocrx_word' id='word_1_83' title='bbox 719 1553 975 1637; x_wconf 90' lang='lat' dir='ltr'><strong>Apostolorum,</strong></span> <span class='ocrx_word' id='word_1_84' title='bbox 995 1551 1140 1616; x_wconf 90' lang='lat' dir='ltr'><strong>‘Virtus</strong></span> 
     </span>
     <span class='ocr_line' id='line_1_13' title="bbox 181 1656 682 1739; baseline 0.002 -21"><span class='ocrx_word' id='word_1_85' title='bbox 181 1657 219 1719; x_wconf 94' lang='lat' dir='ltr'><strong>in</strong></span> <span class='ocrx_word' id='word_1_86' title='bbox 233 1656 409 1721; x_wconf 89' lang='lat' dir='ltr'><strong>infirmitat</strong></span> <span class='ocrx_word' id='word_1_87' title='bbox 396 1665 429 1721; x_wconf 93' lang='lat' dir='ltr'><strong>te</strong></span> <span class='ocrx_word' id='word_1_88' title='bbox 445 1657 682 1739; x_wconf 69' lang='lat' dir='ltr'><strong>perficeretur!</strong></span> 
     </span>
     <span class='ocr_line' id='line_1_14' title="bbox 226 1722 1308 1840; baseline -0.004 -19"><span class='ocrx_word' id='word_1_89' title='bbox 226 1757 311 1840; x_wconf 67' lang='lat'><strong>§14</strong></span> <span class='ocrx_word' id='word_1_90' title='bbox 335 1756 447 1835; x_wconf 83' lang='lat' dir='ltr'><strong>Quem</strong></span> <span class='ocrx_word' id='word_1_91' title='bbox 466 1778 544 1822; x_wconf 93' lang='lat' dir='ltr'><strong>cum</strong></span> <span class='ocrx_word' id='word_1_92' title='bbox 563 1758 712 1823; x_wconf 85' lang='lat' dir='ltr'><strong>famulus</strong></span> <span class='ocrx_word' id='word_1_93' title='bbox 727 1758 868 1822; x_wconf 88' lang='lat' dir='ltr'><strong>Domrnr</strong></span> <span class='ocrx_word' id='word_1_94' title='bbox 884 1722 1141 1821; x_wconf 82' lang='lat' dir='ltr'><strong>Boisilavale-</strong></span> <span class='ocrx_word' id='word_1_95' title='bbox 1160 1779 1199 1820; x_wconf 82' lang='lat' dir='ltr'><strong>rn</strong></span> <span class='ocrx_word' id='word_1_96' title='bbox 1190 1792 1256 1818; x_wconf 55' lang='lat' dir='ltr'><strong>aare</strong></span> <span class='ocrx_word' id='word_1_97' title='bbox 1258 1793 1308 1831; x_wconf 57' lang='lat' dir='ltr'><strong>very</strong></span> 
     </span>
     <span class='ocr_line' id='line_1_15' title="bbox 181 1832 1289 1937; baseline -0.003 -16"><span class='ocrx_word' id='word_1_98' title='bbox 181 1859 300 1922; x_wconf 89' lang='lat' dir='ltr'><strong>tudine</strong></span> <span class='ocrx_word' id='word_1_99' title='bbox 320 1867 480 1923; x_wconf 89' lang='lat' dir='ltr'><strong>sanatum</strong></span> <span class='ocrx_word' id='word_1_100' title='bbox 503 1866 665 1937; x_wconf 91' lang='lat' dir='ltr'><strong>cerneret,</strong></span> <span class='ocrx_word' id='word_1_101' title='bbox 684 1861 744 1936; x_wconf 87' lang='lat' dir='ltr'><strong>ait,</strong></span> <span class='ocrx_word' id='word_1_102' title='bbox 764 1858 909 1934; x_wconf 91' lang='lat' dir='ltr'><strong>‘Vides,</strong></span> <span class='ocrx_word' id='word_1_103' title='bbox 925 1857 1042 1931; x_wconf 88' lang='lat' dir='ltr'><strong>frater,</strong></span> <span class='ocrx_word' id='word_1_104' title='bbox 1057 1857 1140 1937; x_wconf 90' lang='lat' dir='ltr'><strong>quia</strong></span> <span class='ocrx_word' id='word_1_105' title='bbox 1157 1834 1175 1870; x_wconf 76' lang='lat' dir='ltr'><strong>r</strong></span> <span class='ocrx_word' id='word_1_106' title='bbox 1176 1832 1289 1870; x_wconf 68' lang='lat'><strong>⁰⁰²¹⁰¹¹⁰⁵⁸</strong></span> 
     </span>
     <span class='ocr_line' id='line_1_16' title="bbox 137 1959 1140 2045; baseline -0.003 -22"><span class='ocrx_word' id='word_1_107' title='bbox 137 1980 169 2023; x_wconf 78' lang='lat' dir='ltr'><strong>rs</strong></span> <span class='ocrx_word' id='word_1_108' title='bbox 181 1961 347 2026; x_wconf 90' lang='lat' dir='ltr'><strong>liberatus</strong></span> <span class='ocrx_word' id='word_1_109' title='bbox 361 1982 398 2025; x_wconf 92' lang='lat' dir='ltr'><strong>es</strong></span> <span class='ocrx_word' id='word_1_110' title='bbox 414 1982 436 2025; x_wconf 92' lang='lat' dir='ltr'><strong>a</strong></span> <span class='ocrx_word' id='word_1_111' title='bbox 448 1963 617 2040; x_wconf 91' lang='lat' dir='ltr'><strong>molestia,</strong></span> <span class='ocrx_word' id='word_1_112' title='bbox 632 1983 702 2045; x_wconf 93' lang='lat' dir='ltr'><strong>qua</strong></span> <span class='ocrx_word' id='word_1_113' title='bbox 720 1962 913 2038; x_wconf 87' lang='lat' dir='ltr'><strong>laborabas,</strong></span> <span class='ocrx_word' id='word_1_114' title='bbox 929 1969 964 2024; x_wconf 89' lang='lat' dir='ltr'><strong>et</strong></span> <span class='ocrx_word' id='word_1_115' title='bbox 981 1960 1058 2023; x_wconf 94' lang='lat' dir='ltr'><strong>dico</strong></span> <span class='ocrx_word' id='word_1_116' title='bbox 1077 1959 1140 2023; x_wconf 90' lang='lat' dir='ltr'><strong>tibi</strong></span> 
     </span>
     <span class='ocr_line' id='line_1_17' title="bbox 182 2059 1139 2145; baseline -0.003 -20"><span class='ocrx_word' id='word_1_117' title='bbox 182 2063 274 2144; x_wconf 91' lang='lat' dir='ltr'><strong>quod</strong></span> <span class='ocrx_word' id='word_1_118' title='bbox 302 2082 343 2125; x_wconf 92' lang='lat' dir='ltr'><strong>ea</strong></span> <span class='ocrx_word' id='word_1_119' title='bbox 363 2062 437 2145; x_wconf 93' lang='lat' dir='ltr'><strong>jam</strong></span> <span class='ocrx_word' id='word_1_120' title='bbox 460 2063 552 2126; x_wconf 88' lang='lat' dir='ltr'><strong>ultra</strong></span> <span class='ocrx_word' id='word_1_121' title='bbox 571 2063 763 2145; x_wconf 83' lang='lat' dir='ltr'><strong>tangendus</strong></span> <span class='ocrx_word' id='word_1_122' title='bbox 784 2082 853 2126; x_wconf 91' lang='lat' dir='ltr'><strong>non</strong></span> <span class='ocrx_word' id='word_1_123' title='bbox 877 2082 926 2138; x_wconf 75' lang='lat' dir='ltr'><strong>es</strong></span> <span class='ocrx_word' id='word_1_124' title='bbox 945 2080 1056 2142; x_wconf 91' lang='lat' dir='ltr'><strong>neque</strong></span> <span class='ocrx_word' id='word_1_125' title='bbox 1075 2059 1139 2122; x_wconf 95' lang='lat' dir='ltr'><strong>hoc</strong></span> 
     </span>
     <span class='ocr_line' id='line_1_18' title="bbox 181 2161 1142 2247; baseline -0.004 -21"><span class='ocrx_word' id='word_1_126' title='bbox 181 2163 366 2227; x_wconf 90' lang='lat' dir='ltr'><strong>moriturus</strong></span> <span class='ocrx_word' id='word_1_127' title='bbox 389 2165 426 2227; x_wconf 93' lang='lat' dir='ltr'><strong>in</strong></span> <span class='ocrx_word' id='word_1_128' title='bbox 449 2172 619 2247; x_wconf 85' lang='lat' dir='ltr'><strong>tempore3</strong></span> <span class='ocrx_word' id='word_1_129' title='bbox 646 2164 815 2246; x_wconf 91' lang='lat' dir='ltr'><strong>simulque</strong></span> <span class='ocrx_word' id='word_1_130' title='bbox 837 2167 970 2240; x_wconf 78' lang='lat' dir='ltr'><strong>mon‘eo,</strong></span> <span class='ocrx_word' id='word_1_131' title='bbox 995 2169 1034 2224; x_wconf 91' lang='lat' dir='ltr'><strong>ut</strong></span> <span class='ocrx_word' id='word_1_132' title='bbox 1059 2161 1142 2242; x_wconf 91' lang='lat' dir='ltr'><strong>quia</strong></span> 
     </span>
     <span class='ocr_line' id='line_1_19' title="bbox 181 2261 1140 2348; baseline -0.003 -22"><span class='ocrx_word' id='word_1_133' title='bbox 181 2283 236 2327; x_wconf 90' lang='lat' dir='ltr'><strong>me</strong></span> <span class='ocrx_word' id='word_1_134' title='bbox 256 2283 345 2328; x_wconf 90' lang='lat' dir='ltr'><strong>mors</strong></span> <span class='ocrx_word' id='word_1_135' title='bbox 366 2265 481 2328; x_wconf 89' lang='lat' dir='ltr'><strong>vicina</strong></span> <span class='ocrx_word' id='word_1_136' title='bbox 499 2266 727 2348; x_wconf 85' lang='lat' dir='ltr'><strong>praestolatur,</strong></span> <span class='ocrx_word' id='word_1_137' title='bbox 741 2265 872 2328; x_wconf 82' lang='lat' dir='ltr'><strong>discere</strong></span> <span class='ocrx_word' id='word_1_138' title='bbox 894 2283 916 2327; x_wconf 90' lang='lat' dir='ltr'><strong>a</strong></span> <span class='ocrx_word' id='word_1_139' title='bbox 935 2283 988 2326; x_wconf 92' lang='lat' dir='ltr'><strong>me</strong></span> <span class='ocrx_word' id='word_1_140' title='bbox 1009 2261 1140 2342; x_wconf 89' lang='lat' dir='ltr'><strong>aliquid</strong></span> 
     </span>
     <span class='ocr_line' id='line_1_20' title="bbox 182 2362 1139 2447; baseline -0.002 -21"><span class='ocrx_word' id='word_1_141' title='bbox 182 2365 345 2447; x_wconf 88' lang='lat' dir='ltr'><strong>quamdiu</strong></span> <span class='ocrx_word' id='word_1_142' title='bbox 367 2366 488 2430; x_wconf 89' lang='lat' dir='ltr'><strong>docere</strong></span> <span class='ocrx_word' id='word_1_143' title='bbox 506 2367 642 2431; x_wconf 87' lang='lat' dir='ltr'><strong>valeam</strong></span> <span class='ocrx_word' id='word_1_144' title='bbox 662 2385 730 2429; x_wconf 91' lang='lat' dir='ltr'><strong>non</strong></span> <span class='ocrx_word' id='word_1_145' title='bbox 750 2365 904 2429; x_wconf 78' lang='lat' dir='ltr'><strong>omittas</strong></span> <span class='ocrx_word' id='word_1_146' title='bbox 949 2362 1030 2426; x_wconf 89' lang='lat' dir='ltr'><strong>Non</strong></span> <span class='ocrx_word' id='word_1_147' title='bbox 1050 2362 1139 2426; x_wconf 91' lang='lat' dir='ltr'><strong>enim</strong></span> 
     </span>
    </p>
   </div>
   <div class='ocr_carea' id='block_1_3' title="bbox 137 2466 1141 3158">
    <p class='ocr_par' dir='ltr' id='par_1_3' title="bbox 137 2466 1141 2954">
     <span class='ocr_line' id='line_1_21' title="bbox 137 2466 1140 2551; baseline -0.002 -23"><span class='ocrx_word' id='word_1_148' title='bbox 137 2483 171 2528; x_wconf 74' lang='lat' dir='ltr'><strong>‘ro</strong></span> <span class='ocrx_word' id='word_1_149' title='bbox 182 2466 367 2549; x_wconf 91' lang='lat' dir='ltr'><strong>plusquam</strong></span> <span class='ocrx_word' id='word_1_150' title='bbox 381 2476 513 2550; x_wconf 90' lang='lat' dir='ltr'><strong>septem</strong></span> <span class='ocrx_word' id='word_1_151' title='bbox 527 2468 600 2531; x_wconf 91' lang='lat' dir='ltr'><strong>dies</strong></span> <span class='ocrx_word' id='word_1_152' title='bbox 616 2475 707 2545; x_wconf 91' lang='lat' dir='ltr'><strong>sunt,</strong></span> <span class='ocrx_word' id='word_1_153' title='bbox 719 2468 845 2551; x_wconf 91' lang='lat' dir='ltr'><strong>quibus</strong></span> <span class='ocrx_word' id='word_1_154' title='bbox 861 2466 942 2530; x_wconf 92' lang='lat' dir='ltr'><strong>mihi</strong></span> <span class='ocrx_word' id='word_1_155' title='bbox 957 2467 1001 2529; x_wconf 90' lang='lat' dir='ltr'><strong>ad</strong></span> <span class='ocrx_word' id='word_1_156' title='bbox 1016 2466 1140 2528; x_wconf 90' lang='lat' dir='ltr'><strong>docen-</strong></span> 
     </span>
     <span class='ocr_line' id='line_1_22' title="bbox 181 2565 1141 2652; baseline -0.001 -24"><span class='ocrx_word' id='word_1_157' title='bbox 181 2566 264 2629; x_wconf 91' lang='lat' dir='ltr'><strong>dum</strong></span> <span class='ocrx_word' id='word_1_158' title='bbox 287 2570 419 2632; x_wconf 89' lang='lat' dir='ltr'><strong>sanitas</strong></span> <span class='ocrx_word' id='word_1_159' title='bbox 440 2569 603 2651; x_wconf 78' lang='lat' dir='ltr'><strong>corporiS,</strong></span> <span class='ocrx_word' id='word_1_160' title='bbox 623 2577 659 2633; x_wconf 91' lang='lat' dir='ltr'><strong>et</strong></span> <span class='ocrx_word' id='word_1_161' title='bbox 680 2570 807 2652; x_wconf 82' lang='lat' dir='ltr'><strong>linguae</strong></span> <span class='ocrx_word' id='word_1_162' title='bbox 827 2575 991 2651; x_wconf 86' lang='lat' dir='ltr'><strong>suppetat</strong></span> <span class='ocrx_word' id='word_1_163' title='bbox 1010 2565 1141 2630; x_wconf 89' lang='lat' dir='ltr'><strong>virtus.’</strong></span> 
     </span>
     <span class='ocr_line' id='line_1_23' title="bbox 183 2667 1140 2750; baseline 0.004 -20"><span class='ocrx_word' id='word_1_164' title='bbox 183 2667 377 2750; x_wconf 85' lang='lat' dir='ltr'><strong>Respondit</strong></span> <span class='ocrx_word' id='word_1_165' title='bbox 397 2670 622 2749; x_wconf 87' lang='lat' dir='ltr'><strong>Cudberctus,</strong></span> <span class='ocrx_word' id='word_1_166' title='bbox 640 2672 724 2736; x_wconf 92' lang='lat' dir='ltr'><strong>nihil</strong></span> <span class='ocrx_word' id='word_1_167' title='bbox 746 2671 912 2736; x_wconf 87' lang='lat' dir='ltr'><strong>haesitans</strong></span> <span class='ocrx_word' id='word_1_168' title='bbox 932 2669 974 2732; x_wconf 92' lang='lat' dir='ltr'><strong>de</strong></span> <span class='ocrx_word' id='word_1_169' title='bbox 997 2667 1140 2734; x_wconf 81' lang='lat' dir='ltr'><strong>veritate</strong></span> 
     </span>
     <span class='ocr_line' id='line_1_24' title="bbox 181 2770 1141 2858; baseline 0 -26"><span class='ocrx_word' id='word_1_170' title='bbox 181 2770 349 2834; x_wconf 91' lang='lat' dir='ltr'><strong>dictorum</strong></span> <span class='ocrx_word' id='word_1_171' title='bbox 370 2772 475 2850; x_wconf 90' lang='lat' dir='ltr'><strong>illius,</strong></span> <span class='ocrx_word' id='word_1_172' title='bbox 495 2776 566 2839; x_wconf 89' lang='lat' dir='ltr'><strong>‘Et</strong></span> <span class='ocrx_word' id='word_1_173' title='bbox 583 2775 678 2858; x_wconf 90' lang='lat' dir='ltr'><strong>quid,</strong></span> <span class='ocrx_word' id='word_1_174' title='bbox 693 2794 784 2857; x_wconf 87' lang='lat' dir='ltr'><strong>rogo,</strong></span> <span class='ocrx_word' id='word_1_175' title='bbox 800 2774 966 2856; x_wconf 90' lang='lat' dir='ltr'><strong>optimum</strong></span> <span class='ocrx_word' id='word_1_176' title='bbox 985 2770 1068 2833; x_wconf 92' lang='lat' dir='ltr'><strong>mihi</strong></span> <span class='ocrx_word' id='word_1_177' title='bbox 1087 2777 1141 2833; x_wconf 92' lang='lat' dir='ltr'><strong>est</strong></span> 
     </span>
     <span class='ocr_line' id='line_1_25' title="bbox 180 2870 1141 2954; baseline 0.001 -21"><span class='ocrx_word' id='word_1_178' title='bbox 180 2870 304 2953; x_wconf 87' lang='lat' dir='ltr'><strong>legere,</strong></span> <span class='ocrx_word' id='word_1_179' title='bbox 320 2874 411 2954; x_wconf 88' lang='lat' dir='ltr'><strong>qnod</strong></span> <span class='ocrx_word' id='word_1_180' title='bbox 432 2879 547 2939; x_wconf 89' lang='lat' dir='ltr'><strong>tamen</strong></span> <span class='ocrx_word' id='word_1_181' title='bbox 565 2896 635 2938; x_wconf 93' lang='lat' dir='ltr'><strong>una</strong></span> <span class='ocrx_word' id='word_1_182' title='bbox 654 2875 789 2939; x_wconf 89' lang='lat' dir='ltr'><strong>valeam</strong></span> <span class='ocrx_word' id='word_1_183' title='bbox 808 2891 1044 2937; x_wconf 90' lang='lat' dir='ltr'><strong>consummare</strong></span> <span class='ocrx_word' id='word_1_184' title='bbox 1063 2891 1141 2954; x_wconf 92' lang='lat' dir='ltr'><strong>sep-</strong></span> 
     </span>
    </p>

    <p class='ocr_par' dir='ltr' id='par_1_4' title="bbox 138 2972 1141 3158">
     <span class='ocr_line' id='line_1_26' title="bbox 138 2972 1141 3059; baseline 0.001 -23"><span class='ocrx_word' id='word_1_185' title='bbox 138 2972 347 3038; x_wconf 74' lang='lat' dir='ltr'><strong>actimanal’</strong></span> <span class='ocrx_word' id='word_1_186' title='bbox 388 2975 437 3039; x_wconf 89' lang='lat' dir='ltr'><strong>At</strong></span> <span class='ocrx_word' id='word_1_187' title='bbox 424 2977 528 3053; x_wconf 91' lang='lat' dir='ltr'><strong>tille,</strong></span> <span class='ocrx_word' id='word_1_188' title='bbox 554 2977 792 3054; x_wconf 60' lang='lat' dir='ltr'><strong>‘Johannemj</strong></span> <span class='ocrx_word' id='word_1_189' title='bbox 814 2977 937 3059; x_wconf 92' lang='lat' dir='ltr'><strong>inquit,</strong></span> <span class='ocrx_word' id='word_1_190' title='bbox 960 2975 1141 3056; x_wconf 84' lang='lat' dir='ltr'><strong>‘Evange-</strong></span> 
     </span>
     <span class='ocr_line' id='line_1_27' title="bbox 179 3075 1139 3158; baseline 0.001 -21"><span class='ocrx_word' id='word_1_191' title='bbox 179 3075 306 3139; x_wconf 90' lang='lat' dir='ltr'><strong>listam.</strong></span> <span class='ocrx_word' id='word_1_192' title='bbox 361 3076 426 3142; x_wconf 88' lang='lat' dir='ltr'><strong>Est</strong></span> <span class='ocrx_word' id='word_1_193' title='bbox 453 3087 568 3142; x_wconf 88' lang='lat' dir='ltr'><strong>autem</strong></span> <span class='ocrx_word' id='word_1_194' title='bbox 597 3080 678 3142; x_wconf 91' lang='lat' dir='ltr'><strong>mihi</strong></span> <span class='ocrx_word' id='word_1_195' title='bbox 708 3080 818 3143; x_wconf 86' lang='lat' dir='ltr'><strong>codex</strong></span> <span class='ocrx_word' id='word_1_196' title='bbox 847 3078 978 3142; x_wconf 88' lang='lat' dir='ltr'><strong>habens</strong></span> <span class='ocrx_word' id='word_1_197' title='bbox 1002 3082 1139 3158; x_wconf 91' lang='lat' dir='ltr'><strong>quater-</strong></span> 
     </span>
    </p>
   </div>
   <div class='ocr_carea' id='block_1_4' title="bbox 182 3399 1144 4169">
    <p class='ocr_par' dir='ltr' id='par_1_5' title="bbox 182 3399 1144 3964">
     <span class='ocr_line' id='line_1_28' title="bbox 219 3399 1140 3473; baseline 0.001 -21"><span class='ocrx_word' id='word_1_198' title='bbox 219 3399 239 3430; x_wconf 77' lang='lat'><strong>¹³</strong></span> <span class='ocrx_word' id='word_1_199' title='bbox 254 3401 355 3473; x_wconf 80' lang='lat' dir='ltr'><strong>Boieil]</strong></span> <span class='ocrx_word' id='word_1_200' title='bbox 373 3406 427 3454; x_wconf 83' lang='lat' dir='ltr'><strong>The</strong></span> <span class='ocrx_word' id='word_1_201' title='bbox 438 3406 515 3454; x_wconf 86' lang='lat' dir='ltr'><strong>death</strong></span> <span class='ocrx_word' id='word_1_202' title='bbox 525 3405 555 3454; x_wconf 88' lang='lat' dir='ltr'><strong>of</strong></span> <span class='ocrx_word' id='word_1_203' title='bbox 563 3405 646 3454; x_wconf 90' lang='lat' dir='ltr'><strong>Boisil</strong></span> <span class='ocrx_word' id='word_1_204' title='bbox 680 3405 763 3453; x_wconf 89' lang='lat' dir='ltr'><strong>Boisil</strong></span> <span class='ocrx_word' id='word_1_205' title='bbox 774 3409 848 3466; x_wconf 89' lang='lat' dir='ltr'><strong>spent</strong></span> <span class='ocrx_word' id='word_1_206' title='bbox 861 3405 904 3453; x_wconf 91' lang='lat' dir='ltr'><strong>the</strong></span> <span class='ocrx_word' id='word_1_207' title='bbox 916 3405 967 3453; x_wconf 85' lang='lat' dir='ltr'><strong>last</strong></span> <span class='ocrx_word' id='word_1_208' title='bbox 979 3406 1043 3466; x_wconf 85' lang='lat' dir='ltr'><strong>days</strong></span> <span class='ocrx_word' id='word_1_209' title='bbox 1055 3405 1084 3453; x_wconf 84' lang='lat' dir='ltr'><strong>of</strong></span> <span class='ocrx_word' id='word_1_210' title='bbox 1100 3405 1140 3453; x_wconf 88' lang='lat' dir='ltr'><strong>his</strong></span> 
     </span>
     <span class='ocr_line' id='line_1_29' title="bbox 182 3473 1140 3537; baseline 0.002 -16"><span class='ocrx_word' id='word_1_211' title='bbox 182 3473 205 3521; x_wconf 87' lang='lat' dir='ltr'><strong>is</strong></span> <span class='ocrx_word' id='word_1_212' title='bbox 217 3477 314 3535; x_wconf 86' lang='lat' dir='ltr'><strong>proved</strong></span> <span class='ocrx_word' id='word_1_213' title='bbox 326 3477 359 3537; x_wconf 84' lang='lat' dir='ltr'><strong>by</strong></span> <span class='ocrx_word' id='word_1_214' title='bbox 373 3476 454 3525; x_wconf 85' lang='lat' dir='ltr'><strong>Smith</strong></span> <span class='ocrx_word' id='word_1_215' title='bbox 466 3482 492 3525; x_wconf 91' lang='lat' dir='ltr'><strong>to</strong></span> <span class='ocrx_word' id='word_1_216' title='bbox 505 3476 571 3525; x_wconf 87' lang='lat' dir='ltr'><strong>have</strong></span> <span class='ocrx_word' id='word_1_217' title='bbox 583 3476 646 3537; x_wconf 87' lang='lat' dir='ltr'><strong>hap·</strong></span> <span class='ocrx_word' id='word_1_218' title='bbox 679 3475 733 3535; x_wconf 81' lang='lat' dir='ltr'><strong>lile,</strong></span> <span class='ocrx_word' id='word_1_219' title='bbox 751 3476 802 3523; x_wconf 82' lang='lat' dir='ltr'><strong>and</strong></span> <span class='ocrx_word' id='word_1_220' title='bbox 819 3476 891 3523; x_wconf 87' lang='lat' dir='ltr'><strong>what</strong></span> <span class='ocrx_word' id='word_1_221' title='bbox 902 3489 943 3523; x_wconf 86' lang='lat' dir='ltr'><strong>wc</strong></span> <span class='ocrx_word' id='word_1_222' title='bbox 955 3475 1032 3523; x_wconf 85' lang='lat' dir='ltr'><strong>know</strong></span> <span class='ocrx_word' id='word_1_223' title='bbox 1045 3475 1073 3522; x_wconf 85' lang='lat' dir='ltr'><strong>of</strong></span> <span class='ocrx_word' id='word_1_224' title='bbox 1087 3477 1140 3523; x_wconf 90' lang='lat' dir='ltr'><strong>Be-</strong></span> 
     </span>
     <span class='ocr_line' id='line_1_30' title="bbox 182 3542 1141 3607; baseline 0.002 -16"><span class='ocrx_word' id='word_1_225' title='bbox 182 3546 267 3605; x_wconf 91' lang='lat' dir='ltr'><strong>pened</strong></span> <span class='ocrx_word' id='word_1_226' title='bbox 287 3546 384 3607; x_wconf 83' lang='lat' dir='ltr'><strong>shortly</strong></span> <span class='ocrx_word' id='word_1_227' title='bbox 405 3547 471 3595; x_wconf 82' lang='lat' dir='ltr'><strong>after</strong></span> <span class='ocrx_word' id='word_1_228' title='bbox 489 3547 533 3595; x_wconf 90' lang='lat' dir='ltr'><strong>the</strong></span> <span class='ocrx_word' id='word_1_229' title='bbox 554 3547 647 3607; x_wconf 86' lang='lat' dir='ltr'><strong>expul-</strong></span> <span class='ocrx_word' id='word_1_230' title='bbox 679 3542 735 3593; x_wconf 86' lang='lat' dir='ltr'><strong>da&#39;s</strong></span> <span class='ocrx_word' id='word_1_231' title='bbox 753 3547 918 3606; x_wconf 80' lang='lat' dir='ltr'><strong>occupatione</strong></span> <span class='ocrx_word' id='word_1_232' title='bbox 938 3547 1020 3594; x_wconf 88' lang='lat' dir='ltr'><strong>under</strong></span> <span class='ocrx_word' id='word_1_233' title='bbox 1043 3545 1141 3594; x_wconf 86' lang='lat' dir='ltr'><strong>similar</strong></span> 
     </span>
     <span class='ocr_line' id='line_1_31' title="bbox 184 3615 1144 3678; baseline 0.002 -17"><span class='ocrx_word' id='word_1_234' title='bbox 184 3615 432 3664; x_wconf 83' lang='lat' dir='ltr'><strong>sionofEatalrom</strong></span> <span class='ocrx_word' id='word_1_235' title='bbox 449 3617 644 3678; x_wconf 75' lang='lat' dir='ltr'><strong>Hrypun,s.n.</strong></span> <span class='ocrx_word' id='word_1_236' title='bbox 678 3616 885 3664; x_wconf 85' lang='lat' dir='ltr'><strong>circumstances.</strong></span> <span class='ocrx_word' id='word_1_237' title='bbox 914 3616 962 3664; x_wconf 90' lang='lat' dir='ltr'><strong>See</strong></span> <span class='ocrx_word' id='word_1_238' title='bbox 972 3615 1015 3663; x_wconf 88' lang='lat' dir='ltr'><strong>the</strong></span> <span class='ocrx_word' id='word_1_239' title='bbox 1026 3615 1102 3663; x_wconf 89' lang='lat' dir='ltr'><strong>letter</strong></span> <span class='ocrx_word' id='word_1_240' title='bbox 1114 3616 1144 3663; x_wconf 83' lang='lat' dir='ltr'><strong>of</strong></span> 
     </span>
     <span class='ocr_line' id='line_1_32' title="bbox 183 3684 1140 3747; baseline 0 -15"><span class='ocrx_word' id='word_1_241' title='bbox 183 3689 242 3745; x_wconf 86' lang='grc'>661,</span> <span class='ocrx_word' id='word_1_242' title='bbox 257 3686 284 3734; x_wconf 87' lang='lat' dir='ltr'><strong>in</strong></span> <span class='ocrx_word' id='word_1_243' title='bbox 297 3688 440 3747; x_wconf 87' lang='lat' dir='ltr'><strong>opposition</strong></span> <span class='ocrx_word' id='word_1_244' title='bbox 454 3693 481 3735; x_wconf 91' lang='lat' dir='ltr'><strong>to</strong></span> <span class='ocrx_word' id='word_1_245' title='bbox 495 3687 568 3735; x_wconf 89' lang='lat' dir='ltr'><strong>those</strong></span> <span class='ocrx_word' id='word_1_246' title='bbox 586 3687 645 3735; x_wconf 86' lang='lat' dir='ltr'><strong>who</strong></span> <span class='ocrx_word' id='word_1_247' title='bbox 679 3687 814 3747; x_wconf 86' lang='lat' dir='ltr'><strong>Cuthbert,</strong></span> <span class='ocrx_word' id='word_1_248' title='bbox 826 3684 1047 3747; x_wconf 85' lang='lat' dir='ltr'><strong>Beda&#39;sdisciple,</strong></span> <span class='ocrx_word' id='word_1_249' title='bbox 1061 3686 1140 3746; x_wconf 88' lang='lat' dir='ltr'><strong>print·</strong></span> 
     </span>
     <span class='ocr_line' id='line_1_33' title="bbox 182 3755 1141 3806; baseline 0.005 -5"><span class='ocrx_word' id='word_1_250' title='bbox 182 3755 250 3802; x_wconf 87' lang='lat' dir='ltr'><strong>wish</strong></span> <span class='ocrx_word' id='word_1_251' title='bbox 269 3760 295 3803; x_wconf 88' lang='lat' dir='ltr'><strong>to</strong></span> <span class='ocrx_word' id='word_1_252' title='bbox 312 3758 407 3805; x_wconf 83' lang='lat' dir='ltr'><strong>extend</strong></span> <span class='ocrx_word' id='word_1_253' title='bbox 424 3757 445 3804; x_wconf 91' lang='lat' dir='ltr'><strong>it</strong></span> <span class='ocrx_word' id='word_1_254' title='bbox 463 3762 488 3805; x_wconf 92' lang='lat' dir='ltr'><strong>to</strong></span> <span class='ocrx_word' id='word_1_255' title='bbox 508 3771 534 3806; x_wconf 75' lang='lat' dir='ltr'><strong>n.</strong></span> <span class='ocrx_word' id='word_1_256' title='bbox 548 3761 644 3806; x_wconf 80' lang='grc' dir='ltr'><strong>υ.664.</strong></span> <span class='ocrx_word' id='word_1_257' title='bbox 679 3757 711 3804; x_wconf 92' lang='lat' dir='ltr'><strong>ed</strong></span> <span class='ocrx_word' id='word_1_258' title='bbox 735 3757 761 3804; x_wconf 94' lang='lat' dir='ltr'><strong>in</strong></span> <span class='ocrx_word' id='word_1_259' title='bbox 786 3756 829 3804; x_wconf 92' lang='lat' dir='ltr'><strong>the</strong></span> <span class='ocrx_word' id='word_1_260' title='bbox 848 3756 957 3805; x_wconf 87' lang='lat' dir='ltr'><strong>Preface</strong></span> <span class='ocrx_word' id='word_1_261' title='bbox 978 3761 1003 3804; x_wconf 86' lang='lat' dir='ltr'><strong>to</strong></span> <span class='ocrx_word' id='word_1_262' title='bbox 1025 3755 1068 3803; x_wconf 90' lang='lat' dir='ltr'><strong>the</strong></span> <span class='ocrx_word' id='word_1_263' title='bbox 1087 3757 1141 3806; x_wconf 85' lang='lat' dir='ltr'><strong>first</strong></span> 
     </span>
     <span class='ocr_line' id='line_1_34' title="bbox 184 3825 1008 3888; baseline 0.001 -16"><span class='ocrx_word' id='word_1_264' title='bbox 184 3825 233 3873; x_wconf 90' lang='lat' dir='ltr'><strong>See</strong></span> <span class='ocrx_word' id='word_1_265' title='bbox 254 3825 290 3874; x_wconf 87' lang='lat' dir='ltr'><strong>H.</strong></span> <span class='ocrx_word' id='word_1_266' title='bbox 311 3828 343 3876; x_wconf 87' lang='lat' dir='ltr'><strong>E.</strong></span> <span class='ocrx_word' id='word_1_267' title='bbox 362 3841 387 3877; x_wconf 85' lang='lat' dir='ltr'><strong>v.</strong></span> <span class='ocrx_word' id='word_1_268' title='bbox 408 3830 454 3887; x_wconf 79' lang='lat'><strong>¹93</strong></span> <span class='ocrx_word' id='word_1_269' title='bbox 480 3840 519 3875; x_wconf 88' lang='lat'>111.</span> <span class='ocrx_word' id='word_1_270' title='bbox 539 3832 588 3888; x_wconf 78' lang='lat'><strong>263</strong></span> <span class='ocrx_word' id='word_1_271' title='bbox 608 3842 644 3876; x_wconf 86' lang='grc' dir='ltr'><strong>ιν.</strong></span> <span class='ocrx_word' id='word_1_272' title='bbox 678 3827 779 3873; x_wconf 87' lang='lat' dir='ltr'><strong>volume</strong></span> <span class='ocrx_word' id='word_1_273' title='bbox 792 3825 820 3873; x_wconf 84' lang='lat' dir='ltr'><strong>of</strong></span> <span class='ocrx_word' id='word_1_274' title='bbox 830 3826 881 3874; x_wconf 90' lang='lat' dir='ltr'><strong>this</strong></span> <span class='ocrx_word' id='word_1_275' title='bbox 894 3827 1008 3875; x_wconf 84' lang='lat' dir='ltr'><strong>Edition.</strong></span> 
     </span>
     <span class='ocr_line' id='line_1_35' title="bbox 183 3891 1139 3964; baseline 0.002 -23"><span class='ocrx_word' id='word_1_276' title='bbox 183 3898 225 3942; x_wconf 78' lang='lat'><strong>2⁷.</strong></span> <span class='ocrx_word' id='word_1_277' title='bbox 713 3893 734 3923; x_wconf 76' lang='lat'><strong>²⁶</strong></span> <span class='ocrx_word' id='word_1_278' title='bbox 752 3891 904 3964; x_wconf 65' lang='lat' dir='ltr'><strong>Quaternio]</strong></span> <span class='ocrx_word' id='word_1_279' title='bbox 939 3895 1035 3944; x_wconf 82' lang='lat' dir='ltr'><strong>Afold</strong></span> <span class='ocrx_word' id='word_1_280' title='bbox 1052 3908 1139 3954; x_wconf 82' lang='lat' dir='ltr'><strong>orga-</strong></span> 
     </span>
    </p>

    <p class='ocr_par' dir='ltr' id='par_1_6' title="bbox 184 3960 1141 4169">
     <span class='ocr_line' id='line_1_36' title="bbox 236 3960 1140 4035; baseline 0 -22"><span class='ocrx_word' id='word_1_281' title='bbox 236 3962 256 3992; x_wconf 80' lang='lat'><strong>²⁵</strong></span> <span class='ocrx_word' id='word_1_282' title='bbox 274 3965 406 4014; x_wconf 79' lang='lat' dir='ltr'><strong>Jolannem</strong></span> <span class='ocrx_word' id='word_1_283' title='bbox 444 3960 645 4035; x_wconf 70' lang='lat' dir='ltr'><strong>Euangelistom]</strong></span> <span class='ocrx_word' id='word_1_284' title='bbox 679 3965 780 4026; x_wconf 83' lang='lat' dir='ltr'><strong>thering</strong></span> <span class='ocrx_word' id='word_1_285' title='bbox 807 3966 836 4014; x_wconf 89' lang='lat' dir='ltr'><strong>of</strong></span> <span class='ocrx_word' id='word_1_286' title='bbox 861 3967 1021 4027; x_wconf 83' lang='lat' dir='ltr'><strong>parchment,</strong></span> <span class='ocrx_word' id='word_1_287' title='bbox 1043 3964 1140 4013; x_wconf 88' lang='lat' dir='ltr'><strong>similar</strong></span> 
     </span>
     <span class='ocr_line' id='line_1_37' title="bbox 184 4035 1141 4097; baseline 0.003 -17"><span class='ocrx_word' id='word_1_288' title='bbox 184 4035 268 4083; x_wconf 89' lang='lat' dir='ltr'><strong>There</strong></span> <span class='ocrx_word' id='word_1_289' title='bbox 293 4037 316 4085; x_wconf 92' lang='lat' dir='ltr'><strong>is</strong></span> <span class='ocrx_word' id='word_1_290' title='bbox 339 4051 356 4084; x_wconf 83' lang='lat' dir='ltr'><strong>a</strong></span> <span class='ocrx_word' id='word_1_291' title='bbox 376 4037 488 4097; x_wconf 82' lang='lat' dir='ltr'><strong>striking</strong></span> <span class='ocrx_word' id='word_1_292' title='bbox 510 4038 644 4096; x_wconf 88' lang='lat' dir='ltr'><strong>similarity</strong></span> <span class='ocrx_word' id='word_1_293' title='bbox 668 4042 705 4091; x_wconf 78' lang='lat' dir='ltr'><strong>‚to</strong></span> <span class='ocrx_word' id='word_1_294' title='bbox 717 4050 766 4084; x_wconf 90' lang='lat' dir='ltr'><strong>one</strong></span> <span class='ocrx_word' id='word_1_295' title='bbox 778 4035 807 4083; x_wconf 84' lang='lat' dir='ltr'><strong>of</strong></span> <span class='ocrx_word' id='word_1_296' title='bbox 816 4050 863 4084; x_wconf 91' lang='lat' dir='ltr'><strong>our</strong></span> <span class='ocrx_word' id='word_1_297' title='bbox 875 4036 962 4084; x_wconf 85' lang='lat' dir='ltr'><strong>solded</strong></span> <span class='ocrx_word' id='word_1_298' title='bbox 979 4035 1064 4084; x_wconf 87' lang='lat' dir='ltr'><strong>sheets</strong></span> <span class='ocrx_word' id='word_1_299' title='bbox 1082 4035 1106 4082; x_wconf 90' lang='lat' dir='ltr'><strong>iu</strong></span> <span class='ocrx_word' id='word_1_300' title='bbox 1124 4050 1141 4083; x_wconf 88' lang='lat' dir='ltr'><strong>a</strong></span> 
     </span>
     <span class='ocr_line' id='line_1_38' title="bbox 184 4105 870 4169; baseline 0.001 -16"><span class='ocrx_word' id='word_1_301' title='bbox 184 4105 301 4154; x_wconf 87' lang='lat' dir='ltr'><strong>between</strong></span> <span class='ocrx_word' id='word_1_302' title='bbox 326 4107 368 4154; x_wconf 91' lang='lat' dir='ltr'><strong>the</strong></span> <span class='ocrx_word' id='word_1_303' title='bbox 389 4121 492 4156; x_wconf 86' lang='lat' dir='ltr'><strong>manner</strong></span> <span class='ocrx_word' id='word_1_304' title='bbox 515 4109 540 4154; x_wconf 91' lang='lat' dir='ltr'><strong>iu</strong></span> <span class='ocrx_word' id='word_1_305' title='bbox 560 4108 645 4156; x_wconf 86' lang='lat' dir='ltr'><strong>which</strong></span> <span class='ocrx_word' id='word_1_306' title='bbox 679 4107 780 4169; x_wconf 90' lang='lat' dir='ltr'><strong>printed</strong></span> <span class='ocrx_word' id='word_1_307' title='bbox 792 4106 870 4154; x_wconf 85' lang='lat' dir='ltr'><strong>book.</strong></span> 
     </span>
    </p>
   </div>
   <div class='ocr_carea' id='block_1_5' title="bbox 232 4206 884 4252">
    <p class='ocr_par' dir='ltr' id='par_1_7' title="bbox 232 4206 884 4252">
     <span class='ocr_line' id='line_1_39' title="bbox 232 4206 884 4252; baseline 0.003 -2"><span class='ocrx_word' id='word_1_308' title='bbox 232 4206 321 4250; x_wconf 86' lang='grc' dir='ltr'><strong>ΤΟΜ.</strong></span> <span class='ocrx_word' id='word_1_309' title='bbox 341 4207 379 4251; x_wconf 86' lang='grc' dir='ltr'><strong>ΙΙ.</strong></span> <span class='ocrx_word' id='word_1_310' title='bbox 866 4207 884 4252; x_wconf 76' lang='lat' dir='ltr'><strong>ll</strong></span> 
     </span>
    </p>
   </div>
   <div class='ocr_carea' id='block_1_6' title="bbox 0 0 1430 4890">
    <p class='ocr_par' dir='ltr' id='par_1_8' title="bbox 0 0 1430 4890">
     <span class='ocr_line' id='line_1_40' title="bbox 0 0 1430 4890; baseline 0 0"><span class='ocrx_word' id='word_1_311' title='bbox 0 0 1430 4890; x_wconf 95' lang='lat' dir='ltr'><strong> </strong></span> 
     </span>
    </p>
   </div>
  </div>
 </body>
</html>
