2850 4890
556 425 561 432 ι
616 359 829 406 sensuum.

271 584 495 651 Gnneomus¹
512 586 734 651 Brunicltildm
749 589 864 672 replum
880 585 1084 650 Francorum.

248 760 410 820 GRATIAS
434 762 624 840 omnipotenti
653 761 721 819 Deo
749 760 911 830 referimus,
936 763 985 840 qui
1009 763 1083 820 inter
1104 771 1202 818 cetera

247 848 365 925 pietatis
389 867 450 904 suae
473 846 561 915 dona,
583 867 650 925 quae
671 846 856 906 excellentiae
878 858 982 907 vestrae
1002 847 1122 925 largitus
1142 859 1198 912 est,

247 933 289 990 ita
306 954 361 991 vos
376 952 474 991 amore
488 932 663 991 Christianae
679 932 826 1009 religionis
847 933 988 1011 implevit,
1004 946 1036 991 ut
1056 931 1199 1011 quidquid

214 1017 285 1076 sad
309 1018 467 1076 animarum
492 1018 617 1086 lucrum,
640 1017 784 1097 quidquid
809 1018 847 1078 ad
868 1019 1108 1097 propagationem
1129 1017 1200 1076 fidei

246 1105 392 1181 pertinere
406 1103 596 1181 cognoscitis,
611 1102 720 1163 devota
739 1112 842 1169 mente¹
854 1116 884 1162 et
903 1106 951 1182 pio
970 1104 1082 1183 operari
1102 1102 1201 1162 studio

247 1209 303 1246 non
325 1189 458 1248 cessetis.
503 1189 625 1255 Quanto
642 1201 739 1248 autem
757 1188 870 1259 favore,
889 1199 1058 1268 quantaque
1075 1187 1201 1268 opitula-

247 1275 327 1333 tione
349 1274 643 1346 excellentia·vestra
663 1274 937 1334 reverendissimum
959 1274 1077 1333 fratrem
1102 1282 1131 1332 et
1152 1294 1202 1332 co·

249 1360 421 1440 episcopum
442 1369 572 1418 nostrum
595 1359 794 1437 Augustinum
816 1359 1052 1439 proficiscentem
1074 1359 1112 1419 ed
1137 1358 1203 1417 An-

205 1461 237 1504 ιο
248 1445 362 1523 giorum
377 1454 492 1524 gentem
507 1445 663 1523 adjuverit,
679 1466 733 1505 nec
743 1454 814 1506 ente
826 1446 941 1504 silentio
955 1444 1035 1504 fama
1050 1446 1203 1514 conticuit,

249 1541 281 1589 et
297 1541 402 1611 postea
416 1531 536 1610 quidam
554 1532 644 1590 abeo
661 1530 699 1590 ad
714 1552 768 1590 nos
788 1531 922 1590 monachi
938 1530 1093 1589 redeuntes
1112 1532 1204 1589 subti-

251 1616 316 1676 liter
330 1617 498 1676 retulerunt.
544 1617 585 1676 Et
598 1617 716 1695 quidem
732 1619 795 1676 haec
812 1617 849 1675 de
868 1616 1090 1676 christianitate
1107 1626 1207 1675 vestra

250 1704 388 1763 mirentur
408 1702 468 1772 alii,
493 1703 599 1781 quihus
618 1702 715 1762 adhuc
738 1701 881 1762 beneficia
902 1715 1001 1762 vestra
1024 1703 1118 1762 minus
1137 1713 1206 1761 sunt

251 1791 385 1867 cognita;
408 1809 475 1849 nem
495 1789 591 1858 nohis,
606 1790 713 1867 quibus
734 1790 939 1868 experimentis
952 1790 1016 1866 jam
1037 1797 1106 1848 nota
1127 1798 1206 1858 sunt,

251 2059 396 2108 ciscendum
405 2057 712 2118 moravaleatimpedire)
747 2057 824 2120 Julii,
834 2057 973 2107 indictione
986 2057 1032 2106 rv.'
1058 2058 1114 2107 Lib.
1122 2072 1157 2108 vr.
1165 2073 1207 2119 ep.

252 2130 310 2179 Lib.
323 2142 359 2176 vr.
369 2143 411 2189 ep.
424 2129 470 2178 liv.
747 2129 793 2178 lvi.

288 2201 328 2248 Ex
337 2198 448 2260 epistola
456 2199 489 2246 ad
499 2197 638 2260 Virgilium
646 2198 711 2246 Are·
782 2199 822 2247 Ex
834 2198 945 2260 epistola
955 2198 987 2248 ad
999 2198 1117 2260 Arigium
1128 2197 1208 2260 Vopi-

252 2268 712 2331 latensemepiscopum,‘Monachus
746 2284 846 2318 oensem
869 2270 1026 2331 episcopum,
1053 2271 1060 2294 ‘
1076 2270 1207 2318 Praeterea

252 2356 323 2400 vero,
339 2355 404 2400 quos
419 2340 454 2389 ad
473 2340 712 2388 reverendissimum
746 2339 886 2400 monachis,
897 2353 961 2400 quos
978 2340 1011 2388 ad
1027 2340 1208 2388 reverendissi-

252 2411 356 2460 fratrem
368 2416 394 2459 et
405 2411 582 2471 coepiscopum
599 2414 712 2457 nostrum
747 2426 814 2459 mum
822 2410 924 2459 fratrem
932 2411 1140 2471 etcoepiscopum
1151 2424 1208 2458 nos·

252 2481 426 2544 Augustiuum
447 2480 641 2540 transmisimus,
662 2479 712 2529 fra·
747 2486 813 2530 trum
824 2480 999 2542 Augustiuum
1012 2480 1208 2542 transmisimus,

253 2550 713 2602 ternitasvestrahabeatiuomnibus
747 2552 879 2599 caritatem
897 2566 969 2599 suam
988 2551 1135 2600 fraternitas
1151 2565 1208 2598 ves·

253 2623 457 2680 commendatos;
475 2623 550 2669 etita
562 2621 599 2668 eis
610 2621 643 2668 ad
655 2635 713 2682 pro·
747 2621 1130 2683 tra,utconsuevit,impendat;
1141 2622 1209 2670 etita

253 2693 418 2742 ficiscendum
451 2692 569 2740 solatiari
601 2692 713 2752 student,
748 2692 794 2753 eis,
808 2696 858 2740 tam
874 2706 919 2752 per
935 2707 962 2741 se
975 2707 1051 2753 quam
1070 2706 1116 2752 per
1131 2692 1208 2752 alios,

254 2758 331 2825 atque
348 2777 508 2822 concurrere,
528 2767 556 2809 ut
573 2761 645 2808 vobis
664 2762 714 2809 sihi
747 2776 811 2823 quos
823 2763 989 2823 potuerit‚ad
999 2762 1208 2824 proficiscendum

253 2834 441 2896 opitulantibus
453 2833 580 2891 celeriter,
590 2832 646 2879 Deo
655 2847 713 2893 pro·
748 2833 864 2881 solatiari
878 2833 997 2890 studeat;
1014 2838 1044 2881 ut
1055 2833 1127 2894 dum,
1137 2833 1210 2880 vobis

254 2909 367 2966 tegente,
375 2919 426 2965 quo
434 2904 602 2962 directisunt,
610 2903 718 2957 valeant¹
749 2903 952 2964 providentibus,
968 2903 1054 2951 nullas
1071 2903 1126 2952 illic
1144 2902 1211 2950 diffi-

254 2972 383 3039 pergere!
420 2973 477 3022 Lib.
490 2987 529 3022 vr.
543 2987 584 3034 ep.
598 2972 633 3020 lv.
748 2973 858 3022 cultates
871 2974 912 3021 vel
927 2987 1010 3022 moras
1025 2973 1171 3035 habuerint,
1184 2978 1211 3023 et

290 3043 716 3106 ExepistolaadAetheriumLug·
749 3059 805 3103 nos,
824 3043 891 3105 quod
909 3045 942 3092 de
960 3044 1032 3092 vobis
1050 3044 1211 3105 confidimus,

255 3113 394 3165 dunensem
401 3114 717 3176 episcopum,‘Praeterea
750 3115 898 3175 sentiamus,
916 3118 942 3162 et
957 3116 1028 3162 Deus
1043 3115 1114 3162 vobis
1130 3115 1210 3162 omni-

255 3184 717 3244 fraternitasvestramonachos,quos
750 3192 839 3246 potens
859 3199 904 3245 pro
925 3185 1089 3232 conversione
1112 3185 1211 3234 anima-

256 3255 290 3304 ad
308 3256 546 3304 reverendissimum
568 3255 672 3303 fratrem
692 3260 718 3302 et
751 3271 816 3316 rum,
829 3270 876 3316 pro
887 3255 980 3315 quibus
992 3256 1133 3304 transmissi
1142 3261 1212 3317 sunt,

256 3328 435 3388 coepiscopum
457 3331 570 3373 nostrum
591 3326 717 3385 Augusti·
751 3324 1138 3387 suamgratiamrecompenset!
1156 3327 1212 3377 Lib.

256 3412 317 3445 num
334 3397 485 3455 direximus,
503 3396 597 3445 habere
614 3397 718 3444 studeat
752 3410 788 3445 vr.
802 3411 842 3457 ep.
856 3397 912 3444 lvii.

257 3468 283 3516 iu
295 3468 413 3516 omnibus
423 3468 622 3526 commendatos,
633 3481 718 3514 suarn-
796 3463 803 3493 ¹
822 3466 939 3527 Gregory
952 3464 1063 3527 thought
1074 3467 1094 3514 it
1106 3467 1212 3528 expedi-

256 3553 307 3599 que
319 3539 373 3588 illis
382 3538 513 3588 caritatem
524 3541 627 3598 propter
636 3537 717 3584 Deum
753 3542 796 3584 ent
808 3542 834 3585 to
846 3551 936 3584 secure
949 3536 992 3584 the
1004 3536 1145 3585 assistance
1162 3537 1212 3586 and

257 3608 396 3668 exhibeat3
413 3613 490 3670 atque
508 3609 560 3656 illis
578 3609 615 3656 ita
632 3608 719 3656 studio
753 3608 895 3668 protectior
912 3606 941 3655 of
954 3606 997 3655 tbe
1011 3608 1113 3655 secular
1126 3622 1215 3668 power

258 3679 412 3728 sacerdotali
428 3680 522 3727 obnixe
537 3684 681 3738 concurrat,
693 3683 720 3727 et
753 3692 782 3726 as
802 3677 907 3726 wellas
924 3677 954 3725 of
970 3677 1012 3724 the
1028 3677 1214 3726 ecclesiastieal

258 3763 305 3797 suo
318 3764 362 3797 eos
374 3749 468 3797 solatio
481 3750 514 3797 ed
527 3749 654 3809 agendum
671 3749 720 3797 iter
753 3748 779 3796 iu
791 3747 882 3796 favour
893 3748 921 3796 of
932 3747 973 3796 the
982 3747 1073 3796 monks
1083 3747 1215 3796 whowere
1258 3758 1267 3768 ·

259 3821 382 3880 adjuvere
395 3819 514 3879 festinet3
532 3824 562 3867 ut
574 3820 635 3867 dum
646 3819 720 3867 nulla
754 3832 785 3865 on
799 3819 866 3867 their
878 3833 936 3878 way
949 3818 1001 3865 into
1014 3816 1142 3878 England.
1165 3819 1216 3866 For

259 3890 296 3938 eis
309 3889 364 3938 illie
381 3903 422 3937 res
439 3889 553 3937 morandi
572 3903 665 3938 causas
683 3890 720 3936 iu·
754 3887 805 3936 this
824 3902 934 3949 purpose
952 3888 984 3936 he
1001 3886 1134 3936 furnished
1147 3887 1216 3936 them

260 3960 357 4020 tulerit,
366 3964 394 4008 et
406 3960 432 4007 hi
446 3959 555 4008 celerius
568 3974 686 4020 pergere,
695 3965 721 4008 et
755 3958 818 4007 with
825 3959 868 4007 the
877 3958 1071 4019 presentletter.
1084 3958 1215 4019 Epp.Lib.

259 4045 305 4078 vos
317 4030 462 4079 mercedem
472 4031 505 4078 de
517 4030 638 4090 praestitis
654 4031 721 4077 inve·
756 4042 793 4077 vr.
806 4043 846 4090 ep.
859 4029 916 4078 lxii.

260 4101 324 4161 nire,
348 4099 462 4162 possitis.
505 4102 600 4150 Datum
619 4101 662 4148 die
690 4105 722 4148 10
