2850 4890
378 350 428 397 nn
442 349 516 398 sex
534 349 733 398 nrurrsus
752 348 902 399 sucum.
1055 334 1119 399 179

160 505 308 569 obtinuit
323 506 534 571 Florianus
525 509 702 591 imperium
718 509 838 573 diebus
860 518 1116 589 nxxxvu1,ot
1182 533 1244 573 rnna

159 605 210 668 sic
225 606 317 687 apud
332 607 500 672 Tharsum
516 607 726 673 interficitur
770 608 954 674 Anatolius
975 612 1115 676 natione
1130 582 1213 687 lili
1227 582 1312 687 (ll'l'l‘

158 704 426 786 Alexandrinus
434 708 614 774 Laodiceae
631 709 739 793 Syriae
754 709 951 794 episcopus,
964 712 1114 795 philoso-

157 807 302 890 phorum
317 811 508 893 disciplinis
523 811 687 889 eruditus,
698 811 844 894 plurimo
856 831 1010 877 sermone
1025 814 1114 878 cele-

127 910 290 992 sbratur3
321 910 420 994 cujus
445 912 573 994 ingenii
598 912 797 994 magnitudo
821 913 862 978 de
885 913 985 991 libro,
1011 934 1114 996 quem

158 1031 262 1094 super
275 1011 413 1077 Pascha
427 1014 631 1095 composuit,
646 1021 681 1078 et
695 1013 738 1076 de
752 1013 870 1077 decem
886 1013 982 1078 libris
996 1013 1113 1079 Arith-

155 1111 545 1192 metioae‘institutionis,
557 1122 674 1196 potest
688 1114 903 1198 apertissime
919 1117 1089 1197 cognosci.

199 1211 334 1278 Probus
348 1215 449 1278 aunis
465 1231 516 1292 vr,
531 1234 668 1279 meuses
684 1230 733 1278 lv,
778 1214 848 1279 Hic
869 1202 1005 1281 Gallias
1022 1218 1112 1299 jam·
1128 1232 1202 1280 rrae.
1233 1234 1291 1279 rsa.

156 1313 283 1378 dudum
304 1336 326 1379 a
345 1316 500 1381 barbaris
516 1323 716 1400 occupatas,
730 1335 791 1398 per
812 1316 921 1381 multa
938 1325 975 1382 et
993 1319 1113 1400 gravia

111 1416 288 1497 roproelia,
322 1416 444 1482 deletis
479 1417 618 1482 tandem
644 1412 814 1496 hostibus
844 1419 888 1482 ad
923 1418 1112 1500 perfectum

154 1515 320 1581 liberavit.
357 1518 515 1583 Secundo
527 1518 629 1602 hujus
641 1537 743 1594 anno,
755 1519 825 1600 qui,
836 1519 922 1582 utin
934 1518 1111 1584 Chronicis

152 1616 292 1682 Eusebii
303 1620 455 1702 legimus,
465 1621 572 1704 juxta
580 1619 815 1684 Antiochenos
829 1635 982 1683 cccxxv
998 1640 1109 1685 annus

153 1718 228 1796 fuit,
265 1719 371 1802 juxta
408 1721 532 1804 Tyrios
576 1737 711 1798 oecon,
747 1720 852 1803 juxta
894 1720 1109 1786 Laodicenos

155 1838 339 1900 occxxrv,
370 1824 477 1908 juxta
513 1823 708 1888 Edessenos
748 1838 977 1898 nuxxxvlu,
1003 1823 1109 1906 juxta

110 1938 141 1984 ιι
154 1921 377 1988 Ascalonitas
390 1942 586 2003 ccccxxx,
597 1926 783 1989 secuudum
796 1924 965 1988 Hebraeos
974 1924 1109 1988 initium

155 2039 310 2087 nxxxvr
326 2026 349 2090 J
352 2026 466 2104 ubilei,
481 2026 571 2111 quod
589 2027 759 2110 significat
778 2045 887 2091 annos
905 2043 1109 2104 uuuuoon,

153 2124 276 2190 insana
291 2125 560 2193 Manichaeorum
575 2128 716 2192 haeresis
731 2128 767 2191 in
780 2146 957 2191 commune
968 2127 1108 2191 humaui

153 2227 287 2307 generis
311 2228 437 2291 malurn
455 2238 587 2292 exorta.
630 2228 822 2293 Archelaus
844 2228 1108 2311 Mesopotamiae

153 2327 348 2411 episcopus
361 2330 484 2393 librum
504 2330 748 2415 disputationis
767 2348 853 2406 suae,
867 2350 971 2413 quam
985 2329 1108 2395 habuit

106 2447 139 2492 ao
151 2428 317 2495 adversus
333 2429 564 2496 Manichaeum
583 2441 766 2497 exeuntem
788 2432 830 2495 de
844 2430 998 2509 Perside,
1018 2431 1106 2515 Syro

151 2550 306 2595 sermone
321 2533 525 2614 composuit,
539 2534 599 2615 qui
614 2533 802 2597 translatus
817 2551 839 2595 a
854 2529 986 2596 Graecis
1003 2532 1107 2597 habe·

152 2640 207 2697 tur
222 2635 385 2699 amultis.

194 2734 304 2800 Carus
325 2756 401 2800 cum
423 2735 503 2800 filiis
519 2736 646 2801 Carino
662 2743 698 2799 et
712 2733 925 2800 Numeriano
944 2736 1044 2799 annis
1063 2752 1104 2800 11.
1122 2752 1198 2800 4238.
1234 2755 1292 2802 rar.

151 2836 262 2902 Gaius
282 2837 448 2902 Romanae
473 2837 629 2902 ecclesiae
648 2837 758 2920 fulget
781 2837 977 2920 episcopus,
999 2837 1059 2919 qui
1083 2857 1106 2900 a

104 2956 137 3001 as
150 2937 368 3002 Diocletiano
386 2939 586 3022 martyrium
604 2957 731 3021 passus
747 2945 809 3002 est.
855 2938 991 3002 Pierius
1011 2957 1104 3020 pres-

150 3040 248 3121 byter
270 3038 504 3116 Alexandriae,
527 3041 591 3103 sub
621 3039 762 3104 Theone
790 3039 954 3121 episcopo
982 3038 1104 3101 floren-

147 3141 278 3204 tissime
297 3139 445 3223 populos
466 3140 593 3216 docuit,
607 3147 643 3204 et
661 3147 794 3203 tantam
814 3139 980 3203 sermonis
994 3139 1104 3201 diver-

149 3259 330 3322 sorumque
353 3246 573 3317 tractatuum,
598 3240 657 3323 qui
687 3259 798 3322 usque
826 3238 927 3302 hodie
951 3245 1103 3314 exstant,

148 3342 281 3408 invenit
300 3340 514 3423 elegantiam,
534 3348 574 3404 ut
594 3339 758 3422 Origenes
776 3339 892 3422 junior
910 3346 1102 3415 vocaretur,

104 3444 200 3508 aovir
226 3443 321 3506 mirae
344 3441 576 3524 parsimoniae,
600 3449 635 3504 et
659 3440 862 3505 voluntariae
887 3441 1103 3523 paupertatis

148 3543 332 3626 appetitor,
358 3543 418 3625 qui
440 3550 521 3625 post
543 3541 816 3625 persecutionem
836 3541 929 3604 omni
951 3547 1101 3622 tempore

146 3645 228 3710 vitae
246 3643 367 3709 Romae
382 3651 541 3708 versatus
556 3650 620 3708 est.

190 3744 429 3810 Diocletianus
456 3762 533 3808 oum
563 3743 727 3808 Herculio
756 3741 972 3806 Maximiano
1000 3740 1099 3804 annis
1117 3752 1191 3801 mss.
1227 3754 1285 3802 ror.

149 3862 218 3909 xx.
264 3845 464 3922 Carausius,
476 3852 590 3909 sumta
604 3863 766 3926 purpura,
785 3842 974 3908 Brittanias
999 3860 1100 3904 occu-

389 4085 409 4116 ³⁴
427 4079 578 4154 Carnarius]
598 4086 634 4136 H.
648 4087 680 4135 E.
695 4089 719 4148 l,
731 4085 766 4135 vi.
780 4087 793 4148 ς
807 4089 847 4133 14.
