2850 4890
460 412 598 460 uranx
617 413 816 460 maurinus
834 413 983 461 secum.
1132 395 1197 460 205

246 571 404 636 Ceterum
429 572 562 636 cunctis
588 572 622 634 in
647 590 824 634 commune
846 570 1041 647 suademus
1063 577 1102 633 ut
1125 569 1198 634 sive

246 674 325 755 quis
341 693 386 737 ex
401 673 576 736 Hebraica
589 674 743 750 veritate,
760 693 837 756 quae
858 673 903 736 ad
922 692 985 736 nos
1000 691 1060 754 per
1074 691 1199 734 memo-

246 783 357 839 ratum
372 775 586 854 interpretem
601 792 686 853 pura
703 773 901 855 pervenisse
919 774 1023 837 etiam
1040 763 1197 836 hostibus

245 874 269 939 J
271 876 381 940 udaeis
396 875 432 938 in
446 873 600 957 professo
616 881 680 951 est,
695 874 768 937 sive
788 893 831 937 ex
849 873 1076 956 Septuaginta
1094 873 1198 937 inter·

216 986 377 1059 spretum
391 977 626 1052 translatione,
639 996 716 1058 quae
732 975 786 1038 vel
803 975 915 1038 minus
929 974 1074 1038 sollicite
1089 976 1198 1056 primo

216 1162 217 1165 Ἴ
247 1076 341 1141 edita
360 1085 424 1153 est,
440 1085 478 1141 ut
492 1077 589 1139 multi
610 1076 802 1152 adstruunt,
817 1076 872 1138 vel
886 1083 967 1158 post
982 1095 1003 1140 a
1017 1076 1198 1156 gentilibus

246 1186 418 1260 corrupta,
432 1186 471 1241 ut
486 1179 588 1241 beato
603 1176 799 1258 Augustino
813 1176 956 1253 videtur,
972 1197 1034 1240 seu
1048 1185 1138 1240 certe
1154 1197 1199 1241 ex

246 1281 400 1363 utrisque
415 1279 599 1343 commixto
617 1297 719 1360 opere
739 1277 925 1354 codicibus
941 1284 980 1340 ut
1000 1277 1066 1340 sibi
1086 1277 1200 1341 visum

246 1380 359 1459 suerit,
384 1389 571 1462 temporum
593 1399 731 1443 cursum
758 1380 939 1456 notaverit,
964 1385 999 1443 et
1026 1378 1101 1443 sive
1122 1398 1200 1461 pro-

204 1501 235 1546 ιο
248 1483 374 1545 lixiora
392 1501 451 1545 seu
472 1482 627 1545 breviora
648 1479 813 1544 transacti
834 1480 940 1543 seculi
957 1487 1113 1562 tempora
1132 1480 1201 1562 sig-

246 1574 392 1661 naverit,
407 1590 468 1646 aut
482 1583 619 1663 signata
632 1582 804 1664 repererit,
814 1582 1011 1646 nullatenus
1026 1589 1141 1646 tamen
1155 1602 1200 1645 ex

244 1685 310 1748 hoc
325 1685 478 1766 longiora
492 1683 546 1748 vel
562 1683 729 1758 breviora,
745 1702 822 1765 quae
837 1690 977 1760 restant,
993 1683 1101 1747 seculi
1116 1692 1201 1748 tem-

247 1806 333 1870 pora
359 1792 468 1868 putet,
490 1804 619 1848 memor
647 1802 782 1865 semper
807 1783 986 1848 dominicae
1011 1785 1200 1863 sententiae,

247 1887 340 1966 Quia
355 1887 397 1950 de
412 1885 467 1949 die
481 1885 602 1949 ultima
613 1893 648 1950 et
662 1884 747 1949 hora
760 1904 860 1948 nemo
875 1885 952 1961 scit,
963 1905 1074 1969 neque
1089 1887 1201 1968 augeli

194 1990 235 2053 ἰε
247 1989 424 2065 coelorum,
438 1987 505 2049 nisi
521 1986 627 2050 Pater
641 1987 747 2050 solus.

292 2088 416 2172 Neque
431 2087 521 2151 enim
536 2087 709 2151 ullatenus
729 2096 811 2151 sunt
831 2088 992 2153 audiendi
1009 2088 1069 2172 qui
1089 2091 1202 2173 suspi-

249 2198 372 2256 cantur
388 2189 490 2272 hujus
510 2188 617 2252 seculi
636 2195 766 2252 statum
784 2208 847 2252 sex
866 2190 1018 2254 millibus
1038 2210 1202 2255 annorum

250 2294 294 2356 ab
309 2292 406 2356 initio
421 2291 527 2355 fuisse
543 2289 729 2367 definitum,
744 2297 779 2353 et
797 2310 841 2354 ne
858 2298 978 2355 contra
996 2293 1202 2356 sententiam

251 2393 393 2457 Domini
402 2393 518 2456 venire
530 2393 721 2469 videantur,
731 2391 1042 2470 addunt,incertum
1051 2394 1204 2458 mortali-

205 2514 237 2559 20
249 2497 315 2560 bus
332 2501 438 2576 quoto
459 2512 548 2556 anno
569 2501 679 2557 sextae
701 2493 901 2556 millenariae
916 2495 1024 2575 partis
1039 2504 1203 2559 venturus

249 2597 299 2660 sit
324 2596 398 2659 dies
420 2594 561 2670 Judicii,
589 2594 686 2678 cujus
714 2602 829 2658 tamen
858 2595 1026 2659 adventus
1055 2596 1204 2660 maxime

250 2699 341 2763 circa
356 2697 535 2760 terminum
551 2697 643 2760 sexti
657 2696 837 2759 millenarii
853 2696 976 2760 debeat
990 2697 1127 2778 sperari.
1171 2697 1205 2760 A

251 2799 377 2881 quibus
403 2799 434 2860 si
457 2797 594 2880 quaeris,
616 2797 675 2860 ubi
697 2797 772 2860 haec
791 2799 946 2879 putanda
965 2799 1020 2861 vel
1037 2799 1206 2863 credenda

250 2899 415 2983 legerintl
438 2917 520 2960 mox
544 2897 810 2976 stomachantes,
830 2899 913 2980 quia
935 2899 1030 2963 aliud
1052 2901 1134 2983 quid
1155 2921 1206 2964 re·
1308 2920 1310 2925 ·

207 3023 238 3067 25
251 3000 418 3084 spondere
443 3019 513 3062 non
539 2999 677 3076 habent,
700 2998 851 3062 ‘Annon
876 3000 1009 3081 legisti,'
1035 3001 1205 3084 inquiunt,

251 3104 312 3166 ‘in
327 3100 456 3165 Genesi
471 3100 554 3183 quia
567 3120 630 3163 sex
645 3099 764 3165 diebus
777 3100 940 3167 mundum
955 3100 1072 3166 fecerit
1086 3103 1205 3168 Deusl

252 3203 342 3267 unde
355 3202 475 3266 merito
491 3201 583 3264 credi
597 3201 697 3264 debet
712 3221 790 3264 eum
806 3203 883 3284 plus
901 3203 1013 3268 minus
1029 3224 1092 3268 sex
1107 3207 1207 3270 milli·

251 3307 316 3369 bus
330 3322 495 3367 annorum
508 3322 585 3365 esse
601 3303 792 3366 staturum!
835 3302 880 3367 Et
890 3305 983 3387 quod
995 3313 1049 3369 est
1060 3307 1208 3386 gravius,

250 3407 355 3483 fuere,
370 3405 429 3487 qui
444 3411 581 3487 propter
596 3404 777 3484 septimum
793 3403 893 3481 diem,
904 3405 940 3467 in
955 3425 1024 3488 quo
1037 3408 1207 3489 requievit

208 3528 240 3573 ao
251 3508 349 3571 Deus
366 3507 410 3569 ab
425 3507 584 3588 operibus
597 3507 680 3582 sule,
693 3514 869 3587 sperarent
879 3515 958 3587 post
969 3528 1033 3571 sex
1043 3528 1207 3574 annorum
1236 3510 1241 3521 '

250 3609 359 3673 millia
373 3616 568 3671 sanctorum
582 3607 709 3671 laboris
724 3608 759 3671 in
774 3607 838 3671 hac
855 3609 927 3672 vita
940 3609 1087 3687 mortali,
1102 3613 1208 3694 septi-

251 3729 308 3774 mo
317 3709 409 3772 mille
419 3727 584 3772 annorum
595 3708 763 3771 curriculo
772 3728 831 3772 eos
841 3716 921 3790 post
929 3711 1207 3774 resurrectionem

252 3812 289 3874 in
303 3811 368 3873 hac
392 3809 471 3890 ipsa
490 3809 563 3872 vita
585 3809 807 3886 immortales,
830 3809 865 3871 in
889 3810 1021 3873 deliciis
1042 3817 1078 3872 et
1099 3812 1207 3875 multa

253 3909 466 3975 beatitudine
482 3917 680 3991 regnaturos
696 3928 772 3973 esse
787 3929 863 3973 cum
878 3909 1024 3973 Christo.

212 4032 243 4076 ³⁵
298 4012 427 4076 Verum
439 4012 503 4086 his,
515 4011 597 4094 quia
608 4011 770 4075 haeretica
781 4020 862 4074 sunt
871 4020 905 4074 et
914 4010 1045 4088 frivola,
1055 4011 1208 4077 funditus

254 4112 402 4191 omissis,
416 4111 647 4194 intelligamus
668 4111 798 4177 sincere
814 4120 848 4177 et
862 4111 1029 4177 catholice
1049 4132 1113 4177 sex
1133 4113 1211 4178 illos
