2850 4890
467 370 648 422 nucronn
667 373 755 422 vau.
774 374 883 422 anon.
1111 358 1155 422 97

196 528 321 595 fridnm
347 533 529 598 dilectione
554 535 813 616 complectaris?
855 536 905 601 At
925 536 997 614 illa,
1018 535 1153 599 ‘Obse-
1170 542 1205 592 A.
1216 542 1247 592 1).
1259 545 1317 593 tst·

200 633 280 710 cro,’
299 633 422 717 inquit,
440 641 451 670 ‘
467 636 566 701 dicas
584 637 709 719 quibus
724 637 759 699 in
779 637 864 700 locis
883 637 929 700 sit
945 637 1004 701 ille
1014 637 1038 701 l‘
1083 635 1153 715 Qui

198 734 259 811 ait,
274 741 285 770 ‘
299 735 420 801 Cernis
434 738 498 802 hoc
517 758 612 802 mare
626 758 785 820 magnum
801 745 835 802 et
850 739 1051 821 spatiosum,
1067 747 1153 822 quot

198 835 350 902 abundet
363 837 513 904 insulisl
549 839 668 904 Facile
682 848 736 903 est
751 840 828 904 Deo
843 840 885 904 de
901 839 1019 922 aliqua
1032 839 1153 902 harum

167 935 264 1000 csibi
287 939 475 1019 providere,
498 960 600 1024 quem
628 959 731 1022 regno
753 940 920 1022 praeliciat
945 940 1154 1022 Anglorum.’

197 1035 377 1103 Intellexit
396 1059 474 1122 ergo
493 1041 577 1124 quia
596 1041 638 1104 de
653 1040 810 1104 Aldfrido
825 1042 964 1119 diceret,
988 1042 1048 1123 qui
1067 1041 1154 1106 serc-

197 1143 299 1208 batur
318 1144 410 1208 filius
433 1143 540 1209 fuisse
562 1145 671 1228 patrie
690 1144 795 1221 illius,
818 1151 852 1209 et
871 1153 952 1208 tunc
972 1145 1008 1207 in
1031 1144 1153 1208 insulis

196 1243 390 1308 Scottorum
404 1247 449 1310 ob
464 1246 616 1310 studium
630 1246 803 1310 literarum
821 1247 1015 1310 exsulabat.
1059 1246 1153 1310 Scie-

196 1345 259 1408 bat
277 1353 392 1410 antem
411 1347 493 1429 quia
510 1354 715 1431 proponeret
729 1346 1007 1429 Ecgsnduseum
1026 1348 1154 1412 consti·

152 1463 184 1508 ro
198 1455 294 1510 tuere
320 1448 531 1530 episcopum,
553 1449 743 1532 volensque
770 1449 947 1514 dinoscere
972 1449 1003 1512 si
1029 1469 1153 1532 propo·

195 1547 302 1612 situm
317 1558 515 1632 sequeretur
525 1549 677 1628 effectus,
688 1551 739 1613 ita
751 1551 935 1633 quaerendo
949 1570 1076 1615 exorsa
1088 1559 1152 1628 est,

194 1649 248 1712 ⁸0
271 1670 375 1733 quam
394 1652 491 1717 varia
511 1650 703 1716 intentione
724 1651 921 1716 dividuntur
940 1653 1045 1717 corda
1063 1673 1152 1717 mor-

194 1751 337 1818 talium!
395 1751 547 1831 Quidam
576 1754 711 1837 adeptis
741 1753 891 1836 gaudent
919 1754 1060 1831 divitiis,
1091 1754 1151 1818 alii

197 1860 354 1920 amantes
369 1855 508 1921 divitias
523 1875 657 1939 semper
671 1863 788 1938 egent3
813 1865 850 1920 tu
871 1855 1015 1937 gloriam
1034 1857 1153 1920 mundi

152 1973 184 2020 1⁵
196 1957 354 2039 quamvis
370 1956 529 2022 offeratur
542 1957 686 2038 respuis,
700 1956 837 2021 etiamsi
852 1957 896 2020 ad
915 1957 1154 2041 episcopatum

195 2059 386 2142 pertingere
411 2060 537 2144 possis,
566 2079 636 2143 quo
665 2059 844 2124 sublimius
872 2061 964 2142 apud
989 2061 1153 2124 mortales

196 2161 329 2244 aliquid
353 2181 422 2225 non
448 2168 512 2240 est,
537 2161 588 2226 tui
612 2162 765 2226 claustra
783 2162 908 2225 deserti
931 2162 1010 2225 huic
1033 2163 1153 2245 gradui

195 2262 359 2346 praefers.’
402 2263 451 2327 At
465 2264 534 2342 ille,
548 2269 558 2299 ‘
573 2264 654 2328 Scio
667 2263 742 2342 me,’
760 2264 883 2347 inquit,
902 2269 913 2298 ‘
928 2272 1026 2328 tanto
1047 2264 1153 2346 gradu

194 2364 335 2447 dignum
363 2385 432 2429 non
460 2385 547 2444 esse,
576 2387 639 2430 nec
669 2373 785 2431 tamen
814 2366 983 2451 judicium
1015 2368 1153 2448 superni

150 2486 184 2530 20
197 2465 446 2531 Gubernatoris
468 2468 603 2551 uspiam
624 2466 770 2550 effugere
791 2487 899 2550 queo;
921 2467 981 2551 qui
1005 2469 1035 2532 si
1056 2476 1153 2533 tanto

193 2570 289 2634 oneri
308 2588 362 2633 me
383 2567 636 2653 subjiciendum
656 2571 837 2652 disposuit,
852 2569 953 2633 credo
970 2570 1053 2652 quia
1073 2576 1153 2652 post

194 2669 366 2734 modicum
386 2671 530 2735 liberum
548 2671 680 2748 reddat,
696 2678 731 2735 et
749 2671 897 2735 fortasse
918 2690 986 2734 non
1007 2671 1153 2753 amplius

194 2791 302 2854 quam
316 2772 450 2836 duobus
466 2774 566 2838 annis
582 2772 728 2851 exactis,
743 2773 881 2836 solitam
900 2792 954 2835 me
971 2791 1058 2836 meae
1073 2772 1154 2835 soli·

194 2873 325 2937 tudinis
340 2873 493 2938 remittat
507 2874 550 2938 ad
569 2874 729 2956 quietem.
774 2872 946 2956 Praecipio
962 2880 1076 2936 autem
1091 2874 1154 2937 tibi

150 2995 182 3039 25
194 2975 229 3038 in
245 2976 380 3039 nomine
395 2975 536 3038 Domini
549 2983 584 3038 et
599 2974 790 3039 Salvatoris
803 2973 922 3052 nostri,
938 2993 980 3038 ne
998 2973 1054 3038 cui
1072 2982 1153 3039 ante

192 3097 307 3142 meum
319 3077 461 3156 obitum,
473 3097 651 3161 quaeame
665 3077 803 3154 audisti,
813 3075 963 3140 referas!
1000 3075 1154 3158 Cumque

193 3179 247 3244 illi
261 3180 371 3244 multa
385 3185 420 3243 et
436 3179 516 3256 alia,
532 3198 610 3262 qnae
629 3179 818 3261 quaerebat,
836 3183 1033 3260 exponeret,
1050 3185 1154 3261 atque

193 3303 272 3348 eam
295 3282 337 3346 de
363 3282 488 3365 quibus
509 3301 597 3365 opus
616 3282 768 3363 habebat
787 3279 980 3357 instrueret,
997 3298 1153 3345 reversus

193 3385 239 3450 ad
264 3385 412 3448 insulam
437 3391 473 3448 et
494 3382 737 3448 monasterium
761 3401 871 3460 sunm,
895 3381 1095 3461 solitariam,
1115 3388 1154 3445 ut

151 3506 182 3551 so
194 3495 360 3568 coeperat,
376 3486 500 3567 agebat
514 3485 654 3549 sedulus
670 3484 786 3548 vitam.

238 3586 329 3671 §42
353 3585 428 3650 Nec
451 3587 561 3650 multo
586 3591 677 3668 post,
701 3591 906 3668 congregata
930 3585 1061 3668 synodo
1084 3604 1154 3648 non
1170 3606 1272 3648 secema

237 3894 249 3924 ⁶
268 3889 397 3962 diribitio]
415 3894 463 3942 See
477 3893 513 3942 H.
526 3893 558 3941 Ε.
570 3893 656 3943 lara
726 3889 744 3919 ³¹
763 3892 814 3939 Nec
834 3893 906 3939 multo
923 3885 996 3958 port]
1031 3890 1152 3951 Namely,

237 3963 295 4014 ⁷1n
317 3966 401 4014 inumb
421 3959 578 4030 Scottorum]
622 3963 657 4012 At
691 3964 716 4010 in
730 3963 774 4011 the
787 3971 892 4010 autumn
902 3963 931 4009 of
941 3974 967 4010 s.
977 3975 1003 4009 n.
1016 3964 1074 4008 684.

195 4035 657 4175 planans:a.
726 4029 744 4060 ‘¹
762 4026 881 4099 Μ]
969 4031 1006 4080 fl·
1022 4031 1152 4080 Μ

240 4209 329 4255 ΤΟΜ.
347 4208 389 4254 Η.
867 4202 891 4247 Η
