2850 4890
271 343 370 392 rus'r.
388 340 703 390 renuetur-roms
721 342 750 390 s.
768 342 1000 390 cu'rnaanm.
1073 327 1139 392 313

183 490 412 558 festinationem,
429 487 541 567 praefati
558 488 683 547 hominis
702 500 825 548 mortem
843 508 880 546 ex
900 486 1001 546 ordine
1020 488 1140 548 visionis

185 575 323 634 indicavi.
366 573 459 640 Quod
484 574 526 633 illi
551 574 671 633 credere
701 574 845 643 nolentes,
873 593 919 632 me
943 574 1042 644 etiam,
1071 575 1142 652 quia

186 660 296 720 credidi
318 660 491 720 deriserunt.
536 659 666 718 Peracto
684 667 782 719 autem
802 659 892 718 totius
912 660 1006 718 noctis
1027 659 1141 728 itinere,

184 766 271 804 mane
294 746 376 806 facto
403 764 559 825 parumper
586 744 624 804 de
651 745 700 805 via
728 745 767 804 ad
791 745 954 825 proximam
982 745 1141 804 ecclesiam

155 831 357 893 edivertimus
391 830 517 889 Missam
548 830 684 890 audituri.
731 831 935 908 Interrogatus
966 829 1037 909 quid
1071 831 1141 890 novi

185 916 339 990 adferrem,
361 915 494 995 praedicti
515 917 639 976 hominis
657 923 779 977 mortem
796 916 943 976 nunciavi.
989 914 1050 985 Illi,
1071 917 1143 994 quia

185 1001 278 1081 pridie
297 1021 401 1064 sanum
424 1009 574 1074 noverant,
596 1002 735 1061 dicebant
751 1000 858 1060 falsum
875 1019 961 1068 essez
986 1000 1081 1060 donec
1104 1021 1142 1060 ex

183 1087 261 1150 illius
279 1086 390 1147 familia
410 1086 531 1165 quidam
556 1086 746 1147 advenientes
769 1085 918 1155 domiuum
943 1105 1029 1144 suum
1054 1095 1141 1145 nocte

183 1173 249 1252 ipsa
273 1180 418 1232 mortuum
438 1173 621 1233 nunciarunt.
666 1171 734 1250 Ego
749 1180 846 1230 autem
868 1171 1021 1248 diligenter
1041 1190 1141 1230 coram

141 1275 172 1322 ιο
184 1259 319 1318 omnibus
337 1259 439 1316 horam
457 1257 559 1316 mortis
573 1257 731 1336 inquirens,
747 1256 797 1315 illa
810 1257 876 1336 ipsa
893 1264 1038 1316 mortuum
1050 1255 1142 1316 fuisse

185 1345 305 1421 agnovi,
321 1362 381 1422 qua
398 1341 548 1402 horrendis
567 1343 745 1401 cruciatibus
764 1340 913 1410 traditum,
929 1348 1033 1401 sancto
1048 1340 1142 1400 Cuth-

184 1431 269 1488 berto
284 1426 468 1496 ostendente,
483 1429 634 1506 conspexi.
679 1427 774 1507 Cujus
790 1434 935 1488 tormenta
948 1427 1144 1486 intolerabilia

186 1514 285 1573 comiti
303 1512 501 1592 Cospatricio,
517 1513 569 1572 sed
589 1523 619 1571 et
632 1532 679 1583 ea,
694 1533 760 1591 quae
775 1511 926 1573 audieram
941 1512 979 1571 de
993 1511 1056 1583 illo,
1071 1512 1141 1571 dum

185 1598 332 1667 referrem,
350 1599 512 1666 intremuit:
536 1616 664 1676 moxque
689 1597 775 1656 nudis
798 1597 924 1677 pedibus
945 1597 983 1657 ad
1005 1598 1141 1670 insulam,

143 1701 174 1747 lt
186 1685 237 1742 ubi
256 1692 391 1743 sanctum
411 1703 519 1763 corpus
538 1683 643 1753 luerat,
659 1683 810 1752 incedens,
825 1684 940 1743 reniam
960 1683 1098 1762 precibus
1113 1694 1144 1742 et

186 1770 354 1828 muneribus
382 1769 495 1848 petivit.
553 1768 779 1829 Verumtamen·
795 1778 901 1847 postea
931 1788 1081 1848 nunquam
1115 1769 1142 1827 ei

184 1854 250 1923 suit,
265 1856 316 1933 qui
334 1854 426 1933 prius,
442 1862 537 1913 status
556 1854 687 1924 honoris,
707 1853 760 1913 sed
779 1855 922 1934 expulsus
940 1853 979 1912 de
1000 1854 1140 1913 comitatu

184 1940 302 2009 multas,
317 1938 456 2018 quamdiu
479 1939 564 2009 vixit,
585 1939 776 2000 adversarum
794 1960 888 2000 rernm
908 1941 1141 2021 importunitates

184 2034 215 2083 et
229 2023 404 2083 afflictiones
417 2024 557 2104 pertulit.'

140 2128 173 2174 20
226 2115 302 2184 §tta
332 2109 499 2188 Reportato
524 2110 552 2169 in
579 2109 790 2181 Dunhelmum,
816 2111 895 2170 sicut
911 2112 977 2189 jam
1000 2109 1140 2180 diximus,
1160 2129 1314 2182 serenarum

183 2195 346 2254 beatissimi
370 2195 461 2274 patris
485 2215 618 2274 corpore,
644 2196 829 2274 Egolwinus,
853 2195 1073 2274 quintodecimo
1096 2195 1141 2255 sui
1160 2185 1301 2284 ζῗξιξξξὲἱῃ

184 2281 373 2361 episcopatus
388 2299 477 2349 anno,
491 2289 602 2360 partem
617 2281 819 2341 thesaurorum
835 2281 970 2343 ccclesiae
988 2288 1142 2361 asportans
1160 2283 1211 2323 wia.

181 2366 323 2445 Angliem
342 2365 495 2424 relicturus
513 2385 617 2425 navem
631 2366 816 2428 conscendit.
862 2366 923 2426 Sed
942 2376 1031 2427 vento
1045 2366 1142 2445 repul-

185 2473 236 2511 sus
257 2453 285 2510 in
305 2451 449 2521 Suetium,
464 2459 494 2510 et
507 2459 578 2531 post
596 2454 635 2511 ab
654 2453 819 2512 homiuibus
839 2452 916 2530 ragis
937 2460 1043 2531 captus
1062 2451 1142 2531 apud

141 2555 172 2600 ιι
185 2537 265 2615 Elig‚
280 2536 318 2596 ed
333 2535 532 2596 Abendunam
547 2536 727 2617 perducitur,
739 2538 839 2617 ibique
854 2557 892 2597 ex
906 2539 983 2615 regis
994 2545 1143 2617 praecepto

184 2623 316 2701 diligenti
329 2622 468 2682 custodia
481 2631 605 2684 tenetur.
646 2622 828 2683 Admonitus
842 2622 1007 2702 frequenter
1020 2621 1142 2682 reddere

184 2729 252 2788 quae
275 2709 313 2768 de
341 2708 472 2767 ecclesia
498 2709 615 2778 tulerat,
640 2709 710 2768 nihil
738 2729 770 2769 se
798 2708 865 2768 inde
893 2710 1047 2788 accepisse
1074 2727 1141 2768 cum

176 2796 345 2871 juramento
366 2793 538 2853 affirmabat.
585 2793 645 2853 Sed
666 2814 734 2853 cum
758 2793 886 2873 quadam
909 2794 957 2853 die
980 2793 1139 2853 manduca-

184 2887 265 2938 turus
287 2899 390 2938 manus
413 2879 536 2947 lavaret,
558 2900 595 2938 ex
618 2879 695 2938 illius
717 2879 838 2939 brachio
859 2880 973 2939 armilla
988 2900 1084 2959 usque
1102 2879 1141 2939 ad

142 2980 314 3035 eumanum,
334 2966 449 3023 cunctis
469 2965 658 3037 intuentibus,
679 2963 814 3045 delapsa,
834 2965 990 3024 manifesto
1014 2965 1140 3044 perjurio

183 3051 297 3109 notavit
315 3051 497 3129 episcopum.
543 3050 764 3121 Quamobrem,
770 3051 896 3129 jubente
916 3071 996 3128 rege,
1021 3051 1050 3108 iu
1076 3068 1140 3108 car-

183 3155 280 3194 cerem
307 3134 482 3203 detruditur,
510 3136 561 3194 ubi
588 3135 658 3194 dum
686 3155 724 3194 ex
750 3135 841 3194 nimia
867 3137 1015 3196 anxietate
1043 3133 1141 3194 cordis

182 3220 336 3280 comedere
352 3220 452 3290 nollet,
467 3218 544 3279 farne
559 3240 595 3280 ac
610 3220 712 3280 dolore
727 3221 855 3280 moritur.

226 3312 305 3380 §36.
339 3305 485 3384 Tempore
508 3306 662 3365 Walcheri
690 3306 833 3386 episcopi,
863 3305 945 3385 primi
974 3325 1011 3364 ex
1039 3303 1141 3364 ordine
1159 3316 1295 3358 Theinterte·

139 3408 170 3453 an
182 3391 311 3450 clericali
327 3390 536 3451 Dunelmensis
551 3391 685 3452 ecclesiae
701 3391 845 3472 episcopi,
862 3400 989 3471 excepto
1011 3390 1140 3470 quodam
1161 3368 1317 3471 irinffrf'pllll

1159 3472 1243 3511 vaureu.

225 3723 242 3754 ²¹
264 3729 294 3773 15
324 3723 362 3772 sui
391 3723 534 3786 episcopatus
560 3718 643 3792 unna]
711 3720 731 3752 ³⁴
749 3723 880 3786 Tempora]
895 3725 1000 3774 Several
1008 3723 1072 3774 lacta
1081 3740 1139 3774 con-

181 3796 250 3844 That
262 3798 294 3854 is,
306 3810 333 3843 n.
342 3808 369 3843 n.
384 3798 457 3842 1070.
677 3796 770 3843 nected
793 3795 855 3842 with
879 3794 922 3842 the
951 3796 1059 3844 election
1087 3796 1138 3844 and

228 3864 248 3894 ²³
265 3859 336 3932 Sed]
359 3865 410 3913 Sed
423 3879 480 3912 cnm
489 3865 544 3925 Jam
559 3864 646 3924 cupito
677 3864 810 3913 character
823 3864 851 3912 ol
861 3864 953 3927 biehop
967 3865 1139 3914 Walcherare

182 3939 276 3987 itinere
288 3949 379 3984 versus
394 3935 528 3984 Coloniam
541 3936 646 3996 naviga·
679 3935 823 3984 mentioned
847 3935 880 3996 hy
904 3935 931 3986 S.
954 3936 1073 3985 Dunelm.
1099 3949 1139 3986 ιιι.

182 4013 231 4065 ret,
245 4012 320 4056 vento
339 4043 345 4056 .
361 4041 367 4055 .
383 4040 389 4054 .
405 4042 411 4056 .
431 4006 459 4055 S.
474 4005 594 4055 Dunelm.
607 4018 646 4053 111.
680 4005 752 4054 xviii.

183 4093 248 4127 xvu.
