2850 4890
204 352 268 418 124
530 363 622 411 VITA
640 361 670 411 S.
687 362 922 426 consultori,

29 534 173 588 nossa
204 526 312 589 tribus
322 523 538 605 relinqueret,
548 522 655 604 coepit
664 522 832 588 disserere
843 542 966 606 pauca,
978 522 1040 587 sed
1049 522 1162 599 sortia,

205 627 248 691 de
276 645 362 709 pace
386 632 421 688 et
449 624 651 702 humilitate,
680 624 914 707 cavendisque
942 624 1005 702 eis,
1027 625 1088 707 qui
1108 624 1162 687 his

205 727 374 792 obluctari
388 746 491 810 quam
512 726 677 791 oblectari
691 725 843 790 mallent.
888 724 1027 803 Pacem,
1040 725 1163 807 inquit,

204 831 370 894 intervos
386 848 520 911 semper
539 836 574 892 et
595 829 796 893 charitatem
812 826 982 891 custodite
1000 826 1164 903 divinam,

206 937 241 995 et
256 950 333 994 cum
349 929 392 993 de
404 937 520 994 vestro
541 937 636 994 statu
655 929 835 1005 consilium
849 947 912 993 vos
927 947 1027 1009 agere
1045 946 1163 991 neces·
1189 946 1203 988 s

207 1033 294 1096 sitas
323 1030 529 1114 poposcerit,
558 1029 673 1094 videte
707 1029 883 1108 attentius,
912 1036 952 1092 ut
984 1029 1163 1092 unanimes

208 1133 387 1198 exsistatis
410 1133 445 1196 in
472 1131 636 1195 consiliis.
681 1131 749 1195 Sed
774 1138 909 1194 etcum
936 1131 1014 1195 aliis
1038 1129 1165 1194 Christi

207 1234 346 1298 famulis
370 1239 524 1296 mutuam
549 1233 712 1298 habetote
735 1232 963 1310 concordiam,
982 1252 1046 1296 nec
1070 1232 1162 1298 veni·

208 1342 305 1399 entes
321 1334 364 1398 ad
380 1353 441 1398 vos
461 1333 710 1416 hospitalitatis
730 1335 839 1416 gratia
859 1334 1068 1398 domesticos
1085 1333 1163 1397 fidei

208 1436 365 1501 habeatis
395 1436 593 1512 contemtui,
618 1434 678 1499 sed
707 1435 921 1500 familiariter
949 1455 990 1499 ac
1018 1435 1163 1516 benigne
1177 1453 1207 1497 ro

209 1539 297 1603 tales
324 1536 509 1619 suscipere,
535 1544 660 1615 tenere,
684 1557 726 1601 ac
751 1537 921 1601 dimittere
946 1543 1083 1616 curate3
1107 1556 1166 1600 ne-

209 1659 385 1723 quaquam
400 1657 463 1703 vos
484 1638 639 1701 meliores
655 1637 860 1702 arbitrantes
875 1639 997 1702 ceteris
1012 1637 1166 1721 ejusdem

208 1742 288 1805 fidei
303 1749 337 1804 et
351 1741 434 1805 vitae
450 1740 675 1803 consortibus.
713 1739 799 1803 Cum
816 1739 886 1803 illis
903 1747 1030 1816 autem,
1045 1740 1105 1822 qui
1121 1740 1164 1802 ab

208 1843 341 1906 unitate
359 1841 538 1905 catholicae
555 1842 664 1924 pacis,
679 1841 735 1905 vel
751 1840 889 1904 Pascha
908 1860 977 1904 non
996 1859 1060 1904 suo
1080 1847 1165 1905 tem-

209 1963 291 2027 pore
315 1941 529 2020 celebrando,
551 1942 607 2006 vel
630 1961 789 2025 perverse
812 1942 970 2019 vivendo,
995 1944 1165 2022 aberrant,
1177 1962 1207 2006 rs

209 2045 307 2109 vobis
323 2044 369 2108 sit
382 2044 478 2108 nulla
492 2043 694 2107 communio.
739 2042 934 2126 Sciatisque
950 2050 986 2106 et
1002 2045 1165 2108 memoria

208 2146 398 2223 retineatis,
425 2145 508 2228 quia
537 2145 567 2208 si
593 2163 656 2209 vos
682 2164 787 2208 unum
811 2166 830 2210 e
854 2146 987 2210 duobus
1010 2145 1163 2211 adversis

210 2248 333 2329 eligere
356 2247 547 2311 necessitas
571 2247 730 2328 coegerit,
753 2246 860 2310 multo
885 2247 963 2330 plus
989 2246 1103 2329 diligo,
1126 2256 1165 2311 ut

210 2356 367 2413 eruentes
395 2349 438 2412 de
468 2348 599 2411 tumulo
630 2348 857 2430 tollentesque
885 2349 1062 2413 vobiscum
1087 2368 1165 2413 mea

210 2470 292 2514 ossa
316 2450 487 2514 recedatis
513 2451 557 2513 ab
577 2449 631 2513 his
658 2450 757 2528 locis,
781 2457 815 2513 et
839 2450 1045 2533 ubicumque
1067 2450 1165 2515 Deus
1176 2469 1209 2514 ro

209 2551 396 2633 providerit
419 2551 541 2614 incolae
567 2552 748 2628 maneatis,
763 2572 867 2634 quam
886 2559 925 2615 ut
944 2552 1015 2616 ulla
1034 2553 1165 2615 ratione

210 2653 463 2717 consentientes
482 2651 658 2735 iniquitati
673 2652 966 2717 schismaticorum
975 2652 1060 2737 jugo
1076 2653 1167 2717 colla

209 2755 377 2820 subdatis.
414 2753 594 2818 Catholica
607 2752 748 2817 Patrum
759 2762 892 2818 statuta
907 2754 1166 2836 diligentissime

211 2858 341 2922 discere
368 2863 471 2940 atque
493 2858 675 2923 observare
701 2856 916 2936 contendite3
951 2876 993 2920 ea
1018 2876 1165 2939 quoque,

210 2979 288 3042 quae
313 2979 374 3043 per
397 2978 509 3022 meum
533 2958 758 3023 ministerium
782 2957 881 3022 vobis
904 2957 1023 3022 divina
1049 2948 1163 3041 pictas
1176 2977 1208 3022 as

210 3059 371 3124 instituta
382 3061 464 3125 vitae
480 3059 662 3141 Regularis
678 3060 758 3124 dare
774 3059 915 3141 dignata
928 3066 993 3138 est,
1008 3067 1164 3125 exercete

210 3161 360 3224 solliciti.
409 3161 488 3224 Scio
516 3161 606 3224 euim
636 3161 728 3242 quia,
756 3161 822 3224 etsi
851 3160 1054 3242 quibusdam
1082 3180 1165 3224 con-

209 3261 387 3326 temtibilis
402 3260 488 3338 vixi,
502 3268 582 3343 post
596 3280 707 3324 meum
728 3266 843 3325 tamen
862 3261 991 3324 obitum
1011 3263 1165 3344 apertius
1219 3306 1222 3312 -

210 3362 323 3446 qualis
338 3360 470 3438 fuerim,
486 3372 520 3425 et
535 3380 639 3444 quam
658 3381 736 3426 mea
755 3363 911 3427 doctrina
929 3382 998 3426 non
1019 3364 1065 3427 sit
1082 3383 1165 3427 con-

210 3463 393 3529 temnenda
408 3462 580 3527 videbitis.
1177 3485 1208 3530 ao

254 3565 272 3648 ᾖ
286 3565 339 3630 66.
362 3563 476 3628 ‘Haec
495 3570 531 3628 et
551 3563 604 3627 his
621 3563 747 3628 similia
767 3565 819 3629 vir
832 3565 971 3630 Domini
986 3588 1048 3650 per
1061 3568 1166 3640 inter·

209 3667 303 3731 valla
330 3666 476 3742 locutuS,
504 3664 587 3746 quia
616 3665 682 3742 vis,
706 3673 745 3729 ut
772 3667 931 3744 diximus,
957 3668 1164 3733 infirmitatis

209 3767 473 3852 possibilitatem
487 3765 649 3847 loquendi
662 3766 844 3844 ademerat,
856 3769 1008 3852 quietum
1021 3790 1164 3854 exspec-

210 3871 340 3933 tatione
354 3868 478 3931 suturae
498 3868 721 3930 beatitudinis
743 3868 831 3932 diem
851 3871 953 3934 duxit
976 3872 1018 3935 ad
1042 3893 1164 3954 vespe-

209 3990 292 4047 ram,
322 3970 376 4032 cui
405 3968 508 4031 etiam
538 3968 736 4050 pervigilem
766 3971 902 4052 quietus
935 3972 969 4036 in
1003 3976 1206 4055 precibusss

210 4071 424 4135 continuavit
448 4075 483 4134 et
507 4077 651 4132 noctem.
695 4069 745 4132 At
772 4071 831 4133 ubi
857 4082 1057 4137 consuetum
1081 4069 1163 4140 n'oc-
