2850 4890
286 346 352 413 222
550 366 736 416 nrrsronr
755 368 971 417 vanasour
1055 390 1064 411 ·.

288 530 327 588 ut
341 524 430 590 sient
442 526 476 589 in
488 528 671 608 primordio
681 527 783 613 hujus
795 527 951 612 epistolae
965 530 1245 612 praemonuimus,

287 626 495 694 sufficientes
524 631 575 694 eis
600 630 758 697 doctores
788 633 870 697 vitae
895 632 1060 697 salutaris
1083 633 1245 698 adhibere

287 729 491 809 memineris,
517 739 552 796 et
577 732 641 798 hoc
669 753 730 798 eos
754 734 844 798 inter
866 733 937 798 alia
958 733 1093 799 discere
1121 734 1244 813 facias,

287 831 411 914 quibus
424 836 585 918 operibus
600 837 750 901 maxime
764 836 841 901 Deo
854 836 1001 918 placere,
1021 854 1044 900 a
1064 837 1192 920 quibus
1207 857 1245 902 se

287 932 447 1015 debeant,
475 938 534 1020 qui
564 937 642 1003 Deo
669 939 807 1022 placere
835 937 1041 1015 desiderant,
1070 940 1282 1003 abstineres

287 1037 452 1117 peccatis,
467 1058 536 1121 qua
555 1039 668 1104 cordis
688 1039 886 1104 sinceritate
905 1038 941 1101 in
962 1037 1075 1102 Deum
1097 1039 1245 1117 credere,

287 1156 357 1218 qua
372 1138 524 1204 divinam
542 1141 757 1206 clementiam
772 1140 1007 1224 supplicantes
1022 1139 1174 1207 debeant
1187 1140 1244 1206 de·

286 1239 425 1304 votione
433 1243 576 1324 precari,
585 1262 689 1325 quam
697 1241 867 1325 frequenti
876 1240 1054 1324 diligentia
1064 1241 1245 1324 signaculo

287 1358 326 1403 se
340 1340 520 1408 dominicae
535 1345 659 1423 crucis,
673 1363 805 1427 suaque
821 1342 937 1408 omnia
955 1342 1141 1408 adversum
1161 1362 1244 1408 eon-

286 1441 401 1509 tinnas
425 1443 675 1511 immundorum
703 1447 882 1530 spirituum
917 1444 1075 1522 insidias,
1100 1464 1284 1510 recessero

286 1541 437 1610 habeant
456 1548 597 1626 munire,
609 1568 713 1632 quam
735 1547 898 1612 salutaris
918 1547 966 1611 sit
984 1547 1076 1612 omni
1099 1545 1243 1612 Christi·

287 1665 428 1710 anorum
456 1651 569 1731 generi
597 1651 799 1733 quotidiana
827 1648 999 1713 Dominici
1024 1648 1247 1730 corporisne

286 1748 465 1830 sanguinis
479 1752 667 1833 perceptio,
676 1751 781 1835 juxta
796 1750 888 1834 qnod
904 1749 1099 1815 Ecclesiam
1114 1749 1242 1815 Christi

286 1867 347 1930 per
361 1849 512 1930 Italiam,
527 1851 688 1930 Galliam,
700 1853 862 1930 Africam,
877 1851 1059 1930 Graeciam,
1074 1872 1118 1917 ac
1132 1859 1244 1917 totum

285 1951 449 2017 orientem
478 1955 621 2020 solerter
648 1974 748 2038 agere
779 1955 882 2018 nosti.
940 1951 1042 2032 Quod
1076 1954 1281 2019 videlicetu

285 2072 392 2133 genus
413 2055 598 2139 religionis,
623 2076 664 2122 ac
689 2056 765 2121 Deo
790 2055 926 2120 devotae
946 2055 1242 2135 sanctificationis,

287 2161 357 2218 tam
377 2156 477 2240 longe
492 2178 514 2222 a
531 2160 664 2224 cunctis
682 2177 769 2241 pene
788 2165 916 2222 nostrae
933 2157 1121 2240 provinciae
1141 2158 1241 2223 laicis

285 2276 346 2339 per
364 2259 528 2325 incuriam
550 2260 756 2337 docentium,
770 2260 871 2342 quasi
889 2277 996 2342 prope
1016 2259 1242 2343 peregrinum,

286 2360 396 2439 abest,
415 2368 455 2426 ut
472 2361 520 2439 hi,
537 2363 597 2445 qui
618 2363 707 2426 inter
725 2360 951 2444 religiosiores
975 2379 1053 2424 esse
1070 2360 1240 2439 videntur,

284 2480 354 2525 non
369 2462 436 2527 nisi
451 2463 486 2526 in
503 2463 623 2529 Natali
640 2462 779 2526 Domini
794 2469 830 2526 et
843 2460 1039 2545 Epiphania
1053 2467 1089 2526 et
1102 2461 1279 2527 Paschara

285 2566 515 2630 sacrosanctis
544 2565 715 2649 mysteriis
743 2564 995 2628 communicare
1020 2571 1242 2645 praesumant,

286 2685 364 2730 cnm
384 2667 455 2732 sint
474 2667 641 2732 innumeri
659 2668 858 2731 innocentes
879 2675 914 2731 et
933 2666 1141 2731 castissimae
1160 2685 1242 2731 con·

284 2769 489 2833 versationis
510 2770 607 2852 pueri
631 2788 673 2833 ac
697 2768 834 2851 puellae,
850 2766 997 2851 juvenes
1020 2776 1057 2831 et
1078 2767 1240 2850 virgines,

283 2887 384 2934 senes
408 2884 444 2936 et
465 2890 563 2949 anns,
587 2871 648 2954 qui
674 2871 805 2952 absque
824 2868 896 2932 ullo
919 2867 1080 2951 scrupulo
1105 2877 1240 2934 contro-

282 2971 417 3050 versiae,
432 2974 524 3037 omni
538 2972 595 3038 die
609 2972 790 3050 dominico,
808 2971 882 3035 sive
903 2971 1008 3035 etiam
1021 2971 1057 3033 in
1070 2971 1240 3037 natalitiis
1249 2990 1276 3037 at

281 3082 477 3139 sanctorum
495 3074 728 3158 apostolorum
750 3073 824 3137 sive
844 3079 1041 3155 martyrum,
1067 3073 1240 3154 quomodo

282 3177 358 3258 ipse
373 3176 409 3240 in
424 3184 547 3241 sancta
561 3175 721 3240 Romana
739 3181 775 3238 et
793 3173 987 3257 apostolica
1005 3172 1154 3239 ecclesia
1167 3175 1240 3241 lieri

282 3278 412 3357 vidisti,
426 3277 596 3361 mysteriis
610 3277 809 3341 coelestibus
826 3275 1076 3340 communicare
1087 3275 1239 3343 valeant.

283 3378 358 3462 lpsi
379 3379 482 3444 etiam
503 3378 687 3463 conjugati,
707 3378 737 3441 si
758 3377 836 3460 quis
856 3376 923 3441 sibi
943 3395 1138 3443 mensuram
1156 3396 1239 3445 con·

282 3481 437 3545 tinentiae
457 3479 629 3557 ostendat,
646 3488 683 3543 et
700 3477 861 3544 virtutem
880 3477 1054 3544 castitatis
1075 3477 1278 3560 insinuetis

281 3583 371 3647 idem
387 3590 421 3646 et
436 3581 576 3645 licenter
590 3579 736 3663 possint,
751 3586 787 3643 et
799 3578 945 3642 libenter
957 3577 1069 3643 facere
1084 3579 1205 3644 velint.

132 3721 219 3772 ,aen
325 3683 411 3767 §lo
448 3682 537 3746 Haec
565 3681 641 3756 tibi,
670 3679 887 3745 sanctissime
916 3680 1073 3759 antistes,
1103 3689 1140 3746 et
1165 3689 1235 3746 tuae

107 3773 261 3852 ¹¹''ii⁰i⁰0yve
280 3785 474 3851 dilectionis
501 3784 628 3848 intuitu
663 3790 698 3846 et
732 3781 899 3864 generalis
929 3782 1039 3862 gratia
1073 3782 1236 3851 utilitatis

108 3873 122 3902 ⁰
140 3873 201 3901 '¹¹⁰⁰‘
219 3889 225 3901 '
281 3887 428 3954 breviter
443 3886 607 3951 adnotare
622 3885 749 3961 studui,
763 3883 908 3948 multum
929 3883 1128 3947 desiderans
1149 3887 1237 3950 mul·

281 3996 419 4070 tumque
438 3985 635 4064 exhortans,
653 3993 693 4049 ut
713 3991 847 4066 gentem
871 3993 1022 4048 nostram
1044 4005 1065 4049 a
1087 3989 1234 4052 vetustis
1247 4007 1275 4051 ss

281 4089 477 4154 abstrahere
489 4108 587 4152 cures
602 4087 781 4164 erroribus,
791 4094 826 4150 et
837 4087 880 4151 ad
893 4087 1069 4151 certiorem
1081 4095 1117 4152 et
1128 4088 1236 4155 direc-
