2850 4890
278 370 342 435 150
570 387 663 437 vrrn
681 388 710 438 s.
727 389 950 461 snuunrcrr,

108 556 254 613 aaron
282 553 354 609 tate
387 562 458 610 non
486 547 624 611 minime
656 546 868 631 depressum,
894 547 939 612 ad
967 544 1240 611 conservandam

282 647 394 711 cordis
408 646 639 712 innocentiam
652 649 776 712 nocivo
796 656 831 712 et
849 646 1091 712 irremediabili
1106 647 1240 731 pulmo·

281 768 363 813 num
375 750 459 815 vitio
474 750 697 814 laborantem.

110 872 240 914 ursaon-
327 850 412 935 §IL
450 851 525 916 Nec
554 852 661 916 multo
689 859 771 934 post
799 852 903 916 etiam
932 849 1142 915 Benedictus
1166 850 1241 933 ipse

107 936 160 964 ''⁰³''
282 954 400 1018 morbo
418 954 525 1037 coepit
542 954 719 1036 ingruente
737 952 884 1034 fatigari.
930 951 980 1016 Ut
998 951 1089 1016 enim
1109 958 1243 1015 tantam
1267 970 1280 1012 s

283 1056 456 1138 religionis
484 1055 684 1119 instantiam
709 1055 812 1118 etiam
841 1053 1020 1136 patientiae
1044 1053 1156 1118 virtus
1181 1052 1241 1116 ad-

276 1158 400 1242 juncta
414 1159 583 1242 probaret,
597 1158 715 1222 divina
729 1164 910 1238 utrumque
927 1157 1040 1239 pietas
1059 1153 1240 1237 temporali

284 1260 484 1343 aegritudine
507 1260 695 1342 prostravit
717 1260 753 1322 in
773 1260 921 1338 lectum3
944 1266 983 1322 ut
1002 1264 1082 1340 post
1105 1257 1241 1339 aegritu-

283 1360 396 1425 dinem
416 1368 525 1425 morte
545 1361 715 1426 devictam
735 1367 901 1444 perpetua
920 1377 1078 1442 supernae
1093 1360 1193 1442 pacis
1207 1368 1242 1422 et

281 1462 370 1526 lucis
385 1463 499 1545 quiete
518 1460 695 1528 refoveret.
741 1461 832 1525 Nam
852 1470 887 1526 et
905 1459 1086 1544 sigfridus,
1098 1467 1140 1524 ut
1154 1459 1242 1523 dixi·
1253 1477 1281 1522 ro

283 1582 374 1641 mus,
400 1565 503 1647 longa
531 1565 728 1628 interiorum
754 1564 914 1629 molestia
939 1563 1130 1646 castigatus
1153 1564 1241 1627 diem

283 1667 440 1747 pervenit
465 1667 507 1730 ad
533 1666 701 1730 ultimum.
746 1665 793 1730 Et
813 1666 1033 1744 Benedictus,
1055 1685 1116 1748 per
1140 1667 1242 1729 trien-

283 1767 377 1830 nium
388 1768 550 1850 languore
562 1767 729 1851 paulatim
739 1775 967 1844 accrescente,
980 1774 1079 1831 tanta
1089 1767 1242 1851 paralysi

283 1868 471 1933 dissolutus
483 1877 547 1948 est,
560 1877 600 1934 ut
614 1870 657 1934 ab
671 1869 764 1933 omni
778 1889 916 1952 prorsus
928 1868 1123 1934 inferiorum
1139 1889 1242 1933 mem·

284 1975 420 2037 brorum
440 1970 552 2035 factus
572 1973 617 2035 sit
637 1980 735 2054 parte
755 1979 992 2055 praemortuus,
1010 1972 1242 2055 superioribus
1254 1991 1281 2034 nr

285 2074 407 2151 solum,
431 2073 505 2136 sine
529 2092 672 2155 quornm
693 2074 768 2138 vita
786 2073 902 2138 vivere
922 2073 1043 2156 nequit
1061 2072 1174 2152 homo,
1198 2073 1242 2138 ad

284 2175 432 2240 officium
455 2175 632 2257 patientiae
653 2175 885 2256 virtutumque
910 2175 1106 2252 reservatis,
1128 2175 1245 2239 stude·

283 2281 369 2343 bant
397 2277 433 2340 in
462 2277 577 2341 dolore
604 2296 738 2360 semper
764 2275 912 2341 Auctori
945 2277 1075 2357 gratias
1109 2277 1243 2356 referre,

284 2401 419 2463 semper
432 2380 501 2446 Dei
512 2380 673 2444 laudibus
687 2379 891 2445 fraternisve
904 2378 1096 2444 hortatibus
1107 2399 1243 2446 vacare.

283 2483 421 2564 Agebat
435 2482 645 2546 Benedictus
661 2480 883 2546 advenientes
899 2481 1027 2564 saepius
1043 2481 1087 2545 ad
1106 2501 1145 2545 se
1161 2482 1284 2546 Fra-m

284 2592 353 2648 tres
371 2584 414 2648 de
434 2576 672 2660 custodienda,
698 2602 802 2666 quam
823 2591 1004 2661 statuerat,
1031 2582 1167 2665 Regula
1189 2584 1244 2647 fir·
1272 2616 1283 2667 '3

283 2706 397 2768 mare3
419 2693 431 2722 ‘
447 2686 569 2770 Neque
585 2687 675 2750 enim
689 2693 811 2768 putare
826 2685 981 2764 habetis:
996 2685 1118 2766 inquit,
1132 2686 1244 2768 ‘quod

284 2809 329 2853 ex
350 2809 426 2852 meo
449 2789 534 2867 haec,
558 2808 637 2871 quae
663 2788 761 2852 vobis
786 2787 904 2865 statui,
922 2788 1060 2852 decreta
1083 2786 1244 2852 indoctus

284 2890 386 2954 corde
414 2890 622 2972 protulerim.
671 2889 727 2952 Ex
753 2890 870 2953 decem
899 2889 1026 2972 quippe
1053 2897 1089 2953 et
1112 2898 1244 2973 septem

283 2991 510 3068 monasteriis,
535 3010 614 3074 quae
640 2991 731 3054 inter
753 2991 874 3071 longos
892 3010 978 3054 meae
997 2992 1124 3056 crebrae
1148 3011 1283 3076 pere-rs

285 3093 485 3175 grinationis
496 3092 673 3156 discursus
686 3094 815 3177 optima
827 3094 987 3175 comperi,
997 3093 1071 3158 haec
1082 3097 1244 3159 universa

285 3196 399 3270 didici,
419 3201 454 3258 et
473 3196 572 3259 vobis
598 3195 777 3258 salubriter
799 3195 1013 3259 observanda
1032 3197 1245 3262 contradidi.'

285 3294 545 3371 Bibliothecam,
560 3316 664 3377 quam
680 3295 721 3359 de
738 3295 850 3358 Roma
865 3297 1113 3361 nobilissimam
1128 3299 1244 3382 copio-

285 3397 525 3480 sissimamque
539 3398 737 3477 advexerat,
752 3399 795 3462 ad
816 3398 1073 3463 instructionem
1089 3401 1244 3465 ecclesiae

285 3499 525 3574 necessariam,
552 3499 699 3563 sollicite
730 3499 857 3563 servari
888 3499 1065 3581 integram,
1093 3519 1157 3565 nec
1185 3522 1246 3585 per
1255 3520 1285 3566 ao

285 3601 449 3663 incuriam
478 3600 613 3678 tbedari,
638 3609 698 3665 aut
724 3602 855 3684 passim
883 3601 1045 3686 dissipari
1069 3605 1244 3687 praecepit.

285 3701 353 3765 Sed
370 3709 404 3765 et
418 3699 482 3765 hoc
498 3703 638 3766 sedulus
654 3702 784 3767 eisdem
804 3704 938 3767 solebat
958 3705 1082 3769 iterare
1102 3708 1244 3771 manda·

285 3810 368 3880 tum,
388 3823 431 3866 ne
457 3803 535 3885 quis
555 3803 591 3865 in
614 3805 780 3868 electione
805 3806 952 3884 abbatiS,
975 3808 1106 3887 generis
1127 3828 1245 3890 prosa-

284 3905 389 3987 piam,
405 3911 440 3968 et
454 3924 522 3968 non
535 3906 643 3987 magis
655 3905 793 3970 vivendi
802 3905 1017 3991 docendique
1028 3910 1245 3992 probitatem,

284 4013 422 4087 putaret
441 4024 517 4068 esse
536 4006 764 4088 quaerendam.
795 4013 818 4049 -‘
832 4007 877 4071 Et
892 4013 992 4088 vere,’
1007 4010 1129 4093 inquit,
1143 4017 1153 4046 ‘
1168 4012 1244 4076 dico
1256 4030 1284 4075 as

283 4106 393 4183 vobis,
423 4108 505 4190 quia
533 4109 569 4170 in
599 4109 852 4190 comparatione
887 4108 1030 4174 duorum
1064 4112 1243 4191 malorum,

284 4208 495 4272 tolerabilius
515 4209 597 4273 mihi
618 4210 726 4275 multo
745 4219 798 4275 est
824 4219 934 4276 totum
953 4212 1044 4277 hunc
1064 4214 1190 4294 locum,
1207 4216 1243 4280 in
