2850 4890
300 369 399 418 rrrsr.
416 371 501 418 aas.
517 370 787 428 cunnensium,
805 371 916 419 auor.
934 372 1052 422 anon,
1101 357 1167 422 323

205 516 322 575 solebat
341 517 469 578 evocari.
515 516 586 576 Nec
599 517 726 578 vacabat
743 538 810 577 eum
831 538 945 599 semper
965 518 1162 598 gubernandis

204 601 456 682 disponendisque
475 604 644 661 monasterii
660 605 750 674 curis,
771 604 922 682 implicare
947 607 1085 684 quaesivit
1106 606 1163 665 sibi

204 689 328 758 socium,
343 709 403 766 quo
423 689 593 759 auxiliante,
613 688 743 748 debitum
762 689 879 769 pondus
899 692 1046 768 regiminis
1067 691 1161 751 levius

201 776 393 853 securiusque
412 783 551 854 portaret.
595 773 721 853 Insuper
741 783 772 833 et
790 773 920 835 Romam
934 777 975 836 ire
989 777 1161 848 festinabat,

174 873 189 915 6
204 869 350 937 quatenus
365 879 412 929 ea,
425 879 493 938 quae
511 879 633 919 necesse
652 869 753 920 essent
767 863 961 933 monasteriis,
976 883 1043 942 quae
1058 862 1161 922 condi·

203 945 297 1015 derat,
309 945 347 1004 de
362 946 474 1024 peregri
489 946 614 1025 patriam
627 947 705 1004 bona
720 944 847 1004 referret.

245 1037 321 1104 §lta
344 1031 417 1100 Qui,
434 1031 503 1090 dum
522 1032 720 1090 transmarinis
743 1040 902 1091 moraretur
921 1031 949 1090 in
969 1031 1055 1102 locis,
1076 1053 1159 1103 ecce,
1177 1052 1224 1093 ne
1225 1053 1278 1093 ιιι

202 1117 299 1175 subita
324 1115 500 1195 pestilentiae
527 1116 659 1196 procella
688 1117 882 1176 Brittanniam
910 1119 1070 1196 corripiens
1098 1119 1160 1178 lata
1176 1103 1209 1193 ἓξ
1201 1111 1310 1203 ,ld
1272 1103 1310 1150 ””

202 1221 275 1260 nece
295 1203 434 1271 vastavit,
449 1203 477 1260 in
493 1223 552 1280 qua
566 1202 682 1281 plurimi
695 1202 733 1260 de
748 1213 871 1282 utroque
885 1205 950 1281 ejus
971 1205 1226 1275 monasterio,ceed

159 1299 190 1343 tu
201 1295 232 1344 et
254 1287 318 1367 ipse
342 1287 518 1346 venerabilis
546 1307 584 1346 ac
610 1287 677 1346 Deo
706 1287 833 1348 dilectus
860 1289 954 1347 abbas
983 1289 1160 1348 Eosterwini

201 1385 304 1450 raptus
338 1381 385 1431 est
411 1371 450 1431 ad
480 1372 649 1440 Dominum,
680 1381 786 1451 quarto
813 1393 850 1432 ex
879 1394 938 1452 quo
966 1374 1060 1434 abbas
1091 1395 1158 1434 esse

200 1466 330 1536 coeperat
343 1478 429 1517 anuo.
472 1457 536 1517 Pro
556 1478 615 1536 quo
634 1457 749 1529 fratres,
770 1479 910 1518 unacum
931 1459 1055 1519 consilio
1070 1458 1158 1519 Ceol-

199 1542 266 1600 iridi
293 1544 421 1613 abbatis,
447 1542 607 1620 Siglridum
636 1543 793 1603 diaconum
821 1544 953 1623 ejusdem
980 1546 1158 1616 monasterii,

201 1629 280 1687 mirae
308 1629 473 1687 sanctitatis
503 1630 597 1688 virum
625 1637 656 1688 et
683 1629 899 1709 Scripturarum
928 1628 1033 1688 studiis
1065 1631 1159 1689 abun-

157 1725 188 1770 15
200 1712 304 1772 danter
331 1715 503 1773 instructum
529 1733 565 1773 ac
593 1715 777 1793 singulariter·
804 1716 956 1786 intentum,
981 1717 1158 1775 constituere

200 1800 346 1859 abbatem.

242 1890 318 1958 §14
351 1884 483 1944 Porro
476 1904 505 1942 ru
533 1885 721 1955 monasterio,
749 1885 797 1943 cui
825 1883 994 1944 Ceollridus
1022 1893 1157 1965 praeerat,
1175 1897 1255 1990 gartio
1223 1902 1266 1939 eof

199 1991 300 2029 omnes
334 1971 385 2068 qui
418 1970 527 2046 legere,
554 1971 603 2029 vel
630 1969 801 2050 praedicare,
830 1971 879 2030 vel
909 1971 1083 2050 antiphonas
1122 1952 1300 2052 ac1„„,‘³‘'“,⁵1“'y

198 2057 386 2136 responsoria
418 2055 516 2114 dicere
550 2065 671 2154 possent
705 2056 795 2114 ablati
829 2065 909 2125 sunt,
924 2065 1063 2135 'excepto
1091 2057 1157 2137 ipso

154 2155 186 2200 2⁰
198 2143 307 2201 abbate
327 2150 357 2200 et
375 2159 433 2199 uuo
454 2141 584 2220 puerulo,
605 2143 657 2220 qui
676 2141 741 2199 ab
734 2160 801 2221 rpso
820 2142 945 2200 nutritus
965 2150 995 2200 et
1013 2140 1155 2213 eruditus,

196 2247 275 2286 nunc
303 2246 397 2306 usque
425 2225 454 2283 in
485 2225 590 2284 eodem
622 2229 799 2285 monasterio
826 2226 1002 2306 presbyterii
1032 2227 1156 2304 gradum

198 2321 311 2380 teneus,
321 2315 389 2390 jure
407 2318 492 2370 actus
507 2314 573 2389 ejus
588 2311 752 2371 laudabiles
766 2313 884 2371 cunctis
899 2313 974 2370 scire
988 2312 1155 2372 volentibus

197 2405 228 2457 et
254 2398 365 2477 scripto
393 2396 581 2455 commendat
607 2406 638 2456 et
664 2397 736 2456 latu.
782 2397 854 2466 Qui,
883 2394 1032 2467 videlicet,
1062 2397 1155 2457 abbas

196 2482 328 2564 praefatae
348 2482 442 2561 gratia
460 2482 557 2560 plagae
577 2483 700 2541 multum
718 2482 822 2552 tristis,
842 2483 984 2562 praecepit
1003 2490 1045 2550 ut,
1068 2483 1155 2542 inter-

152 2583 184 2628 ao
195 2570 287 2629 misso
305 2569 361 2627 ritu
378 2567 477 2647 priori,
491 2568 687 2646 psalmodiam
701 2577 806 2639 totam,
819 2575 926 2647 praeter
940 2567 1105 2648 Vesperem
1124 2579 1155 2628 et

197 2653 373 2723 Matutinas,
389 2654 452 2712 sine
467 2653 632 2733 antiphonis
650 2654 857 2732 transigerent3
881 2651 962 2733 quod
980 2673 1048 2713 cum
1068 2653 1154 2714 unius

196 2738 390 2798 hebdomadis
417 2739 512 2816 spatio
534 2739 609 2797 iuter
630 2740 738 2799 multas
759 2741 823 2817 ejus
844 2738 981 2798 lacrimas
1004 2749 1035 2799 et
1056 2740 1154 2818 queri-

194 2825 309 2883 monins
323 2833 403 2884 esset
417 2824 581 2895 actitatum,
597 2823 706 2884 diutius
721 2825 779 2884 hoc
793 2823 855 2883 fieri
870 2843 928 2883 non
942 2823 1038 2883 terens
1053 2844 1153 2884 rursus

196 2911 299 2968 statuit
313 2917 345 2968 ut
357 2910 556 2988 antiphonetae
576 2908 761 2989 psalmodiae,
770 2912 860 2988 juxta
872 2928 994 2979 morem,
1009 2910 1153 2969 instaura-

152 3009 184 3055 3ο
195 3005 283 3065 retur,
307 2996 482 3074 cunctisque
504 2994 714 3065 adnitentibus,
735 3015 788 3075 per
812 3016 845 3054 se
867 3004 897 3054 et
917 3014 1006 3074 quem
1028 2995 1154 3075 praedixi

194 3100 328 3158 puerum,
340 3100 407 3159 quae
428 3089 581 3150 statuerat,
595 3101 653 3140 non
669 3100 762 3161 parvo
776 3100 844 3140 cum
858 3081 959 3140 labore
971 3080 1152 3160 complebat,

194 3165 289 3224 donec
304 3166 403 3225 socios
418 3165 515 3244 operis
529 3166 620 3225 divini
636 3163 814 3226 sufficientes
828 3166 876 3226 vel
892 3167 1013 3225 nutriret
1025 3167 1090 3246 ipse
1103 3166 1153 3226 vel

191 3250 308 3309 aliunde
323 3251 485 3329 colligeret.

238 3341 315 3409 §lm
345 3337 391 3396 At
413 3337 463 3395 ubi
485 3335 668 3395 Benedictus
692 3355 711 3394 a
735 3335 838 3395 Roma
859 3336 982 3416 patriam
1003 3335 1215 3439 peregrinarer
1170 3346 1215 3388 Ben
1216 3349 1249 3389 a
1251 3351 1288 3390 ι

151 3437 301 3494 aamerce,
324 3430 356 3480 ut
380 3441 504 3500 semper,
527 3431 651 3481 onustus
672 3420 803 3491 advenit,
825 3430 947 3481 moestus
952 3421 1088 3520 'quidem
1108 3406 1199 3482 οει”’
1201 3401 1319 3441 ”’”””

194 3506 232 3565 de
250 3506 335 3566 clade
356 3527 422 3585 quae
442 3506 603 3576 acciderat,
618 3504 672 3565 sed
686 3507 808 3584 gavisus
823 3507 895 3566 satis
909 3507 980 3586 quia
995 3505 1153 3584 Siglridus,

195 3590 262 3671 Dep
287 3591 422 3651 amabilis
446 3592 500 3661 vir,
522 3612 576 3671 pro
600 3592 779 3651 Eosterwini
800 3592 894 3651 abbas
918 3599 999 3651 esset
1019 3592 1149 3660 electus;

192 3679 391 3757 praecepitque
407 3685 438 3736 ut
452 3685 620 3757 susceptam
635 3677 804 3736 monasterii
817 3696 919 3737 curam
934 3685 1051 3736 strenue
1068 3696 1151 3754 gere·

192 3771 247 3832 ret,
276 3764 341 3842 ipso
375 3783 493 3842 quoque
525 3763 554 3821 in
587 3762 721 3822 doctrina
751 3771 781 3821 et
814 3762 993 3821 orationibus
1014 3762 1149 3838 juvante.

148 3864 180 3908 40
193 3847 306 3906 Verum
322 3868 378 3907 non
399 3848 490 3907 multo
510 3855 579 3927 post
598 3857 719 3926 uterque
737 3846 882 3906 inciditis
896 3845 1103 3915 infirmitatem,
1120 3855 1150 3904 et

192 3940 343 3992 crescente
358 3954 409 4013 per
423 3942 539 4014 tempus
553 3934 698 4004 molestia,
710 3934 739 3991 in
755 3933 861 3992 lectum
873 3932 961 3991 ambo
973 3939 1149 4004 sternuntur,

192 4019 233 4076 ita
248 4027 329 4077 utne
344 4019 382 4077 ad
397 4018 558 4078 sedendum
573 4019 692 4098 quidem
703 4037 862 4097 exsurgere
877 4025 1011 4097 possent.
