2850 4890
242 351 307 417 294
613 365 824 414 urruunrx.

71 523 105 570 Λ.
116 520 149 570 D.
162 523 218 569 usa.
244 515 463 584 monasterium,
478 513 559 592 quod
573 515 602 572 in
616 533 673 573 sua
687 511 836 593 quondam
851 511 923 571 villa
936 511 1088 572 vocabulo
1105 510 1203 572 Creca

244 600 404 671 luit-illud
428 600 594 660 venerabile
613 619 720 679 corpus
739 597 885 668 deferunt,
904 598 1004 675 ibique
1025 599 1065 656 ab
1083 599 1202 669 abbate,

246 687 294 744 cui
322 706 427 745 nomen
455 694 518 744 erat
544 684 642 754 Geve,
670 684 878 762 benignissime
906 685 1049 762 suscepti,
1070 684 1202 743 velutin

246 773 373 850 proprio,
388 779 515 850 quatuor
527 770 677 829 mensibus
687 768 865 829 residebant.
910 767 1030 828 Interea
1040 789 1108 828 cum
1119 789 1204 828 exer-

246 857 334 926 citus,
353 866 383 915 et
404 858 454 936 qui
470 863 643 936 supererant
660 855 698 915 de
717 855 862 933 indigenis
883 855 947 913 sinc
964 874 1037 932 rege
1058 862 1204 925 nutarent,
1227 871 1241 913 s

247 962 326 1020 saepe
347 944 496 1001 nominato
515 943 614 1001 abbati
635 941 785 1010 Eadredo,
805 940 950 1017 religiosae
969 941 1204 999 conversationis

248 1028 320 1097 viro,
340 1028 404 1107 ipse
423 1029 529 1087 beatus
546 1026 728 1087 Cuthbertus
743 1046 795 1105 per
809 1026 953 1084 somnium
966 1026 1072 1096 astitit,
1080 1028 1205 1105 jamque

248 1133 367 1172 suorum
382 1113 472 1193 quieti
487 1111 656 1192 providens,
673 1113 700 1171 ei
710 1112 774 1172 haec
787 1110 926 1171 facienda
940 1112 1077 1189 injunxit.
1108 1111 1205 1170 ‘Per-

249 1198 343 1276 gens,'
362 1199 466 1278 inquit,
487 1197 551 1257 ‘ad
569 1200 730 1257 exercitum
750 1196 914 1267 Dacorum,
934 1215 1002 1256 mea
1024 1205 1054 1256 te
1075 1196 1115 1256 ad
1139 1197 1206 1256 illos

248 1283 371 1343 missum
390 1284 536 1362 legatione
556 1283 648 1352 dices,
667 1292 700 1343 ut
717 1283 830 1342 scilicet
849 1300 981 1361 puerum,
1000 1303 1090 1361 quem
1109 1281 1245 1342 viduaern

247 1369 289 1428 illi
310 1369 512 1440 vendiderant,
525 1369 673 1429 vocabulo
691 1366 889 1438 Guthredum,
905 1367 997 1426 tilium
1013 1367 1207 1437 Hardecuut,

250 1455 368 1516 ubinam
387 1456 426 1514 sit
443 1455 496 1513 tibi
516 1453 683 1514 ostendant.
726 1452 798 1520 Quo
817 1453 936 1513 invento
955 1461 987 1511 et
1003 1454 1104 1532 precio
1120 1453 1207 1512 liber-

249 1540 318 1599 tatis
333 1543 398 1619 ejus
411 1539 510 1600 viduae
528 1540 692 1619 persoluto,
708 1549 776 1597 aute
795 1540 887 1597 totius
904 1538 1052 1598 exercitus
1070 1538 1208 1618 frequen·

249 1626 319 1683 tiam
335 1625 523 1704 producatur,
535 1634 624 1705 atque
635 1626 674 1684 ab
687 1625 834 1693 omnibus,
846 1644 892 1682 me
902 1624 1019 1684 volente
1031 1643 1066 1683 ac
1071 1625 1208 1703 jubente,

250 1712 279 1769 in
299 1710 495 1770 Oswiesdune
515 1712 645 1779 honest,
664 1719 763 1769 moute
785 1708 903 1781 Oswiu,
923 1709 1049 1779 electus,
1067 1711 1169 1788 posita
1181 1710 1247 1770 ina

250 1797 372 1857 brachio
400 1799 465 1876 ejus
498 1795 604 1857 dextro
633 1795 757 1864 armilla,
783 1795 811 1853 iu
840 1814 962 1872 regnum
990 1796 1209 1855 constituatur!

251 1881 405 1960 Evigilans
420 1902 490 1959 ergo
505 1883 598 1941 abbas
613 1901 672 1941 rem
688 1881 778 1940 sociis
793 1879 900 1948 retulit,
914 1900 1043 1958 moxque
1058 1880 1210 1960 profectus

245 1968 334 2045 jussa
356 1987 408 2046 per
432 1967 564 2026 ordinem
588 1967 764 2045 complevit;
793 1964 1000 2045 productoque
1024 1966 1055 2024 in
1080 1966 1211 2027 medium

245 2055 367 2129 juvene,
391 2060 451 2110 tam
479 2052 607 2122 barbari,
635 2072 724 2131 quam
751 2050 907 2128 indigenae,
934 2060 1102 2110 reverenter
1122 2053 1212 2129 jussa

253 2137 348 2196 sancti
363 2136 520 2198 cuthberti
534 2138 709 2217 suscipiunt,
724 2146 813 2217 atque
828 2137 956 2195 unanimi
967 2136 1073 2196 favore
1087 2156 1211 2216 puerum
1220 2152 1250 2197 aa

252 2241 290 2280 ex
313 2222 453 2282 servitute
481 2225 510 2282 in
540 2242 661 2301 regnum
688 2224 878 2282 constituunt.
920 2222 991 2287 Quo
1020 2240 1089 2281 cum
1117 2225 1213 2300 gratia

253 2317 425 2367 cunctorum
446 2318 478 2369 et
491 2328 590 2368 amore
608 2309 689 2387 regui
709 2307 781 2367 sede
799 2309 904 2388 potito,
929 2327 1007 2377 cum,
1028 2307 1134 2386 sopitis
1146 2309 1211 2386 jam

252 2395 503 2473 perturbationum
522 2394 672 2475 procellis,
695 2394 892 2473 tranquillitas
915 2392 1098 2463 redderetur,
1122 2393 1211 2452 sedes

254 2480 444 2559 episcopalis,
465 2499 552 2558 quam
572 2481 600 2537 iu
621 2479 851 2539 Lindisfaruensi
869 2478 966 2536 insula
986 2479 1122 2556 superius
1137 2478 1212 2538 diri·

255 2585 331 2634 mus,
346 2566 374 2623 in
391 2564 592 2624 Cuncacestre
607 2573 795 2623 restauratur.
837 2563 995 2622 Translato
1011 2565 1112 2641 itaque
1131 2564 1212 2634 illuc,
1223 2581 1251 2624 2⁵

254 2659 324 2728 post
341 2659 466 2729 quatuor
488 2670 615 2719 menses,
638 2648 676 2708 de
702 2648 799 2709 Creca
819 2649 982 2707 beatissimi
1004 2650 1095 2728 patris
1117 2650 1212 2708 incor-

255 2744 340 2814 rupto
355 2755 487 2814 corpore,
499 2734 585 2795 simul
600 2736 690 2814 etqui
703 2734 771 2794 Deo
783 2736 924 2793 servirent
936 2733 1045 2792 ibidem
1060 2735 1212 2805 institutis,

256 2821 379 2879 eximius
405 2821 528 2880 antistes
552 2818 752 2900 Eardulphua,
775 2820 819 2878 vir
840 2821 947 2898 ubique
970 2821 998 2877 in
1018 2821 1167 2899 prosperis
1185 2829 1214 2879 et

256 2905 389 2965 adversis
413 2914 514 2964 sancto
537 2904 702 2965 (luthberto
728 2905 892 2975 adhaerens,
916 2905 1025 2984 primus
1050 2906 1091 2963 ibi
1112 2906 1213 2964 cathe-

256 2989 339 3050 dram
367 2990 567 3072 pontificalem
594 2991 786 3058 conscendit;
820 3009 875 3048 nec
910 3008 1011 3068 parum
1035 2991 1155 3050 horroris
1185 3000 1251 3050 eren

257 3076 400 3136 donorum
418 3077 460 3135 illi
480 3077 616 3136 ecclesiae
637 3096 688 3136 rex
710 3075 883 3135 Guthredus
902 3073 1036 3144 contulit,
1051 3076 1149 3154 eique,
1165 3078 1215 3153 qui

257 3182 294 3220 ex
310 3182 396 3222 servo
411 3183 444 3221 se
458 3163 486 3220 in
501 3182 600 3239 regem
615 3169 811 3242 promoverat,
825 3159 937 3220 devota
957 3159 1100 3240 deinceps
1121 3161 1214 3220 hunri-

257 3247 338 3311 litate
359 3247 495 3306 subditus
515 3246 641 3307 fideliter
661 3248 806 3314 servivit.v
837 3246 927 3305 Unde
941 3255 1059 3316 cuncta,
1074 3267 1143 3325 quae
1164 3267 1215 3327 pro

258 3332 417 3411 privilegiis
432 3331 567 3391 ecclesiae
582 3351 644 3395 suae
659 3352 695 3392 ac
711 3333 856 3401 libertate,
871 3342 960 3410 atque
974 3351 1027 3412 pro
1043 3332 1100 3391 sibi
1116 3334 1214 3392 minis-

258 3418 396 3476 trantiurn
416 3418 629 3476 sustentatione
650 3416 849 3487 mandaverat,
869 3417 931 3486 ille,
953 3426 986 3475 ut
1003 3426 1138 3496 promtus
1162 3419 1214 3477 mi·
1226 3433 1252 3477 ³5

260 3504 358 3570 nister,
386 3521 456 3561 mox
483 3501 643 3581 adimplere
668 3503 829 3563 festinavit.
877 3502 1025 3581 Denique,
1054 3512 1216 3563 memorato

260 3587 360 3647 abbati
380 3608 432 3667 per
452 3586 547 3647 visum
569 3596 670 3648 astans
693 3589 757 3668 ipse
779 3596 912 3656 sanctus,
937 3587 1088 3655 ‘Dicito,'
1111 3589 1215 3668 inquit,

260 3674 357 3752 ‘regi,
381 3681 413 3732 ut
431 3679 523 3732 totam
543 3674 617 3734 iuter
636 3674 731 3735 Weor
750 3682 780 3733 et
798 3675 884 3754 Tyue
907 3683 1024 3743 terram,
1047 3675 1118 3732 milri
1138 3677 1215 3734 etin

298 3911 317 3942 ¹⁶
333 3913 457 3976 Ancilla]
511 3914 536 3962 A
561 3915 683 3975 bracelet,
707 3931 722 3972 a
753 3911 1219 3978 royalty,inhisNotestotheAlexss

262 3999 375 4032 common
389 3989 521 4033 ornament
533 3989 650 4046 amnngst
666 4000 721 4034 meu
753 3987 806 4043 iad,
819 4002 862 4046 pp.
873 3991 931 4046 261,
944 3990 1002 4035 262.

263 4056 288 4102 in
301 4055 343 4103 the
356 4055 452 4103 middle
467 4069 538 4115 ages.
575 4056 616 4103 Du
635 4055 722 4115 Cange
789 4053 808 4082 ²⁵
827 4052 1002 4125 Carrucam]
1016 4058 1083 4106 Now
1093 4058 1216 4108 Chester-

263 4125 309 4173 has
322 4125 447 4173 collected
465 4139 541 4185 many
557 4125 685 4174 instances
698 4125 727 4173 of
754 4124 887 4186 le-Street,
900 4129 925 4175 iu
943 4127 985 4175 the
997 4135 1090 4189 county
1104 4129 1134 4177 ol
1148 4132 1215 4179 Dur-

262 4197 282 4245 it
306 4195 383 4256 being
410 4196 475 4247 used
502 4210 531 4244 as
563 4210 579 4246 a
602 4195 675 4249 mark
697 4195 726 4245 ol
755 4196 821 4246 ham.
846 4197 1072 4248 Thisoccurredin
1082 4211 1108 4248 Α.
1119 4214 1146 4250 u.
1156 4206 1214 4251 883.
