2850 4890
471 361 640 408 sucronu
662 361 744 408 vsu.
768 361 875 409 nunu.
1106 347 1149 411 31

200 519 352 604 inquirit
367 538 489 582 nornen
505 540 514 598 3
531 517 640 582 ‘Cras
655 518 824 602 mystica,'
838 518 939 596 dixit,
954 526 962 552 ‘
977 520 1020 583 ad
1037 521 1128 586 altar

201 620 369 685 Obtulero
384 639 462 683 cum
475 639 586 697 sacra,
599 618 683 682 mihi
696 639 889 700 nomenque
901 620 1102 703 modusque,

203 720 282 800 Quo
298 721 386 803 petit
400 727 506 798 astra,
521 721 590 783 tuis
603 720 774 802 pandetur
786 720 823 783 in
839 719 958 784 ordine
973 720 1098 786 dictis!

202 820 292 900 Quae
308 821 414 885 misso
428 821 554 885 festina
567 839 648 884 suos
663 840 801 885 cursore
815 841 877 903 per
893 840 1012 884 omnes

173 938 188 981 a
201 922 225 986 J
228 942 284 985 am
298 922 437 986 tandem
452 941 551 985 mane
566 921 699 1000 ediscit,
714 922 854 1003 vatique
870 921 1048 986 sacrandis

203 1023 344 1086 Intento
361 1022 452 1087 rotis
469 1023 694 1104 precibusque
708 1028 865 1085 renarrat
880 1021 923 1084 ad
939 1041 1017 1086 aras
1031 1043 1039 1103 ;

203 1122 398 1187 Frondiferi
411 1123 581 1204 quendam
596 1123 745 1186 nemoris
759 1122 840 1185 dum
856 1122 1035 1186 scanderet
1050 1123 1133 1200 alta,

203 1222 361 1288 Caederet
371 1230 411 1287 ut
424 1223 540 1304 pecori
554 1224 698 1287 arboreo
713 1221 755 1285 de
770 1222 899 1305 pabula
913 1241 1012 1300 cono,

202 1324 396 1388 Deciduum
411 1323 570 1388 membris
585 1323 735 1387 animam
748 1323 904 1406 posuisse
918 1322 1061 1404 solutis3

157 1439 189 1483 1⁰
203 1424 339 1507 Illoque
352 1424 512 1488 humanis
526 1424 679 1488 ablatum
695 1424 900 1506 intempore
916 1425 1030 1501 rebus,

203 1523 284 1604 Quo
298 1545 397 1589 sacer
410 1524 577 1589 aethereas
593 1531 730 1608 raptum
743 1525 907 1589 cernebat
921 1524 966 1588 ad
982 1542 1096 1588 auras

491 1862 656 1929 CAPUT
680 1862 860 1928 XXXII.

216 2041 290 2102 Post
305 2037 379 2101 duos
394 2060 490 2101 aanor
504 2039 698 2122 episcopatus
714 2040 810 2101 vitam
825 2040 934 2122 repetit
951 2036 1136 2103 solitariam.

255 2213 463 2278 Eoonusmu
480 2213 618 2295 gemino
632 2214 692 2297 qui
706 2220 890 2296 postquam
906 2208 1046 2276 sedulus
1061 2234 1152 2279 anno

159 2329 190 2373 15
205 2313 385 2378 Pontifiois
401 2314 533 2399 dejure
550 2315 651 2397 regit,
665 2314 829 2397 verbique
845 2313 983 2377 fluentis

205 2414 334 2480 Vivida
348 2421 449 2498 prata
464 2415 567 2498 rigat,
583 2415 673 2479 tanti
686 2413 903 2480 venerandus
917 2413 1058 2479 honoris

206 2514 375 2598 Linquere
390 2522 523 2597 perstat
537 2534 635 2593 onus,
650 2515 822 2597 eremique
835 2515 989 2578 reclusus
1004 2535 1109 2580 arena

207 2614 364 2680 Malebat
379 2615 520 2680 Satanae
535 2616 666 2680 tetricis
679 2614 849 2699 pulsarier
863 2615 981 2692 armis,

206 2714 319 2794 Quam
333 2715 483 2798 imperiti
498 2735 626 2782 vacuos
642 2717 738 2798 vulgi
754 2722 893 2798 captare
910 2715 1058 2778 favores.

158 2829 191 2874 ro
206 2816 382 2880 Desidiam
397 2823 541 2898 generat
555 2817 637 2898 quia
651 2816 728 2880 laus
743 2815 900 2880 blandita
916 2814 1079 2878 clientum
1091 2835 1100 2894 ;

206 2917 388 3000 Perpetuis
404 2924 440 2980 at
455 2918 550 2982 lucta
564 2918 645 2980 beat
660 2915 814 2999 perfecta
829 2915 976 2980 coronis

206 3017 361 3081 Maxime
377 3018 548 3100 praesagio
561 3017 768 3094 admonitus,
784 3036 861 3079 curn
878 3015 1019 3098 spiritus
1035 3016 1122 3078 orsis

206 3117 332 3183 Mortis
347 3118 468 3206 adesse
482 3117 547 3183 sibi
560 3118 727 3200 gauderet
740 3125 889 3200 tempus,
904 3124 940 3180 et
955 3115 1082 3179 almam

205 3217 365 3283 Secretus
380 3226 520 3302 cuperet
534 3225 684 3282 mentem
696 3238 874 3295 renovare,
889 3217 1089 3300 priusquam

160 3336 192 3381 25
208 3319 422 3402 Fluctivagis
437 3319 520 3384 secli
534 3319 624 3384 curis
642 3318 824 3402 depressus
841 3318 959 3382 obiret.

375 3625 395 3660 ¹2
406 3629 494 3681 curor
511 3623 642 3698 xxxa]
660 3629 713 3680 Vit.
726 3630 799 3680 Pros.
812 3629 876 3692 Cap.
889 3641 982 3678 xxxvr.
1042 3603 1049 3612 ³
