2850 4890
287 365 385 413 msr.
404 367 486 414 nna.
503 367 775 425 ovavnnsrnn,
793 367 905 415 auor.
922 367 1041 415 anon.
1083 351 1151 417 325

192 507 221 565 in
239 508 314 567 locis
334 509 394 578 siti,
407 529 507 568 curam
529 511 670 589 suscepit,
689 519 720 568 et
738 531 789 590 per
807 512 1017 590 annosviginti
1034 520 1148 592 septem

191 593 324 670 vigilanti
343 595 462 653 solertia
481 598 626 655 servabat.
670 597 744 655 Erat
765 598 842 655 enim
864 599 908 655 vir
927 618 996 657 acer
1018 599 1147 676 ingenio,

191 687 326 738 strenuus
341 690 421 748 actu,
435 680 551 740 fervens
569 682 634 741 zelo
646 682 783 760 justinia,
800 681 926 760 flagrans
942 704 1041 743 amore
1059 684 1146 742 simul

191 773 221 822 et
248 765 350 824 timore
379 766 489 836 divino,
518 788 637 826 severus
665 769 693 825 in
723 768 912 846 corripiendis
940 770 1146 848 peccantibus,

160 850 269 908 amitis
289 852 318 909 iu
338 851 503 912 refovendis
523 853 741 931 poenitentibus,
764 851 915 912 studiosus
936 855 965 912 in
992 855 1146 914 servandis

190 934 392 1016 docendisque
410 939 551 1016 regularis
571 940 640 999 vitae
659 939 787 1007 statutis,
803 939 945 1017 benignus
964 941 992 997 in
1007 941 1146 1019 pauperi-

115 1052 120 1056 ·
190 1022 245 1079 bus
266 1022 433 1081 recreandis
450 1034 540 1103 atque
559 1025 748 1103 eleemosyna
766 1023 875 1094 danda,
890 1025 989 1103 largus
1006 1027 1094 1084 etiam
1114 1027 1143 1084 in

189 1109 316 1184 pecunia
330 1109 377 1166 vel
397 1129 434 1167 ea
452 1129 520 1187 quae
538 1111 713 1189 petebantur
732 1109 881 1179 donanda,
895 1111 943 1169 vel
957 1131 1073 1189 eaquae
1088 1112 1145 1189 ipsi

189 1191 374 1252 donabantur
382 1195 603 1265 remuneranda,
611 1197 772 1254 orationum
784 1205 814 1254 et
825 1195 997 1275 psalmodiae
1009 1197 1146 1274 religiosa

145 1291 176 1337 ιο
187 1275 352 1355 frequentia
366 1300 467 1340 curam
482 1301 595 1358 gerens.
981 1327 984 1331 >

231 1368 307 1436 §20.
336 1364 442 1445 Itaque
456 1366 642 1435 monasteria,
657 1366 765 1444 quibus
780 1375 914 1445 praeerat‚
929 1377 959 1426 et
973 1367 1144 1427 extrinsecis
1162 1385 1256 1426 nisena
1266 1390 1289 1427 or

188 1449 374 1510 abundanter
389 1453 496 1531 opibus
518 1462 549 1511 et
567 1473 624 1511 non
642 1453 737 1510 minus
753 1452 946 1532 locupletavit
963 1454 1093 1523 internis,
1115 1462 1145 1511 et
1162 1439 1288 1538 pppyfnonn-

188 1542 221 1592 ut
242 1535 280 1593 ab
304 1537 500 1615 improborum
523 1539 680 1617 irruptione
704 1538 851 1597 securiora
875 1538 1020 1609 redderet,
1047 1540 1145 1598 missis

188 1618 319 1680 Romam
339 1623 498 1699 legatariis,
512 1624 666 1702 epistolam
682 1623 824 1702 privilegii
843 1645 861 1682 a
882 1625 978 1683 beatae
997 1625 1144 1684 memoriae

144 1719 175 1764 15
186 1725 265 1784 papa
289 1707 393 1785 Sergio
417 1709 511 1789 petiit,
541 1717 572 1768 et
595 1711 722 1788 accepit,
750 1709 841 1768 instar
867 1709 956 1780 illius,
986 1731 1075 1789 quam
1104 1712 1143 1768 ab

187 1793 349 1868 Agathone
367 1793 508 1853 decessor
525 1796 589 1872 ejus
609 1794 790 1854 Benedictus
806 1805 972 1874 acceperat.
1015 1795 1098 1854 Nam
1113 1806 1144 1856 et

187 1880 278 1948 vasis,
305 1899 373 1958 quae
401 1880 440 1938 ad
467 1880 603 1939 ecclesiae
632 1879 680 1939 vel
708 1880 808 1939 altaris
832 1879 961 1940 officium
987 1882 1141 1960 pertinent,

186 1964 391 2042 copiosissime
405 1965 527 2033 ditavit;
552 1976 583 2025 et
594 1966 813 2035 bibliothecam,
828 1966 969 2044 quamde
984 1965 1085 2025 Roma
1095 1967 1144 2026 vel

186 2049 250 2128 ipse
271 2050 319 2108 vel
341 2051 523 2110 Benedictus
544 2051 693 2121 attulerat,
714 2052 849 2110 nobiliter
867 2052 1029 2132 ampliavit,
1050 2053 1092 2110 ita
1111 2060 1145 2110 ut

142 2135 261 2195 20inter
282 2136 340 2194 alia
360 2146 420 2195 tres
447 2136 619 2196 Pandantes
640 2136 753 2196 faceret
775 2137 913 2206 describi,
938 2157 1061 2217 quorum
1083 2137 1144 2196 duo

186 2240 237 2299 per
256 2222 378 2281 totidem
399 2243 453 2281 sua
471 2223 647 2281 monasteria
661 2223 761 2302 posuit
775 2223 803 2279 in
819 2223 966 2291 ecclesiis,
982 2231 1014 2280 ut
1027 2224 1142 2282 cunctis

185 2307 237 2384 qui
261 2307 381 2386 aliquod
413 2309 574 2388 capitulum
602 2307 640 2366 de
668 2308 804 2367 utrolibet
830 2307 1021 2367 Testamento
1044 2307 1143 2385 legere

184 2393 360 2462 voluissent,
388 2394 417 2452 in
445 2402 561 2474 promtu
595 2402 676 2453 esset
706 2395 834 2453 invenire
868 2392 947 2472 quod
981 2402 1141 2471 cuperent;

184 2479 299 2536 tertium
320 2487 420 2538 autem
442 2479 571 2539 Romam
594 2478 776 2558 prolecturus
801 2479 911 2539 donum
935 2480 1022 2538 beato
1047 2478 1143 2538 Petro

139 2579 172 2624 25
185 2564 385 2643 apostolorum
399 2566 520 2645 principi
535 2565 639 2624 offerre
654 2566 794 2624 decrevit.

225 2655 302 2722 521.
325 2649 468 2729 Namque
490 2651 540 2709 ubi
559 2651 647 2729 longo
665 2653 729 2729 jam
752 2650 833 2710 senio
854 2647 991 2708 defessus
1013 2648 1089 2709 vidit
1108 2662 1144 2708 se·
1159 2664 1289 2726 ueternum

184 2733 261 2794 ultra
281 2756 340 2794 non
362 2756 452 2814 posse
472 2737 637 2814 exemplum
656 2737 767 2815 pristini
786 2735 894 2812 vigoris
914 2739 976 2793 suis
997 2755 1139 2814 praemon·
1158 2719 1288 2807 mm

184 2829 277 2879 strare
292 2820 456 2899 discipulis,
471 2823 581 2880 invenit
594 2823 664 2880 utile
679 2822 832 2881 consilinm
854 2829 894 2888 ut,
909 2820 1012 2879 relicto
1020 2823 1141 2900 juveni-

183 2907 282 2966 oribus
309 2908 447 2984 regimine
475 2907 683 2976 monasteriali,
712 2909 775 2986 ipse
808 2903 1009 2985 apostolorum
1040 2906 1140 2966 limina

140 2993 417 3070 superegrinaturus
445 2993 555 3061 adirem
592 2994 691 3070 ibique
722 2993 841 3052 terrenis
873 2992 1027 3050 absolutus
1061 2992 1139 3051 curis

183 3078 256 3136 inter
285 3076 377 3137 libera
403 3080 566 3138 orationum
593 3079 693 3138 studia
714 3078 790 3137 diem
818 3085 966 3157 spectaret
993 3078 1138 3148 ultimum,

182 3164 313 3222 imitatus
334 3165 500 3244 exemplum
518 3163 615 3223 fratris
631 3165 676 3222 sui
696 3163 859 3243 Cynelridi,
876 3163 938 3242 qui,
956 3163 1035 3222 sicut
1050 3166 1140 3241 supra

182 3250 487 3319 commemoravimus,
504 3249 601 3309 studio
620 3250 691 3308 vitae
711 3249 949 3328 contemplativae
970 3249 1139 3308 monasterii

182 3354 284 3393 curam
304 3334 431 3414 reliquit,
453 3344 484 3394 et
506 3337 629 3415 patriam
650 3346 769 3416 propter
792 3334 951 3393 Dominum
975 3343 1138 3414 spontaneo

136 3435 168 3483 ³5
180 3421 304 3479 mutavit
318 3421 433 3479 exsilio.
751 3424 754 3428 ’

181 3542 186 3547 -
225 3510 300 3579 §22
324 3506 448 3565 Paravit
471 3506 558 3583 igitur
577 3526 693 3574 navem,
716 3507 862 3565 recensuit
885 3505 1042 3584 legatarios
1062 3527 1138 3585 quos
1159 3527 1303 3577 erepturum

182 3589 313 3650 Romam
332 3591 502 3660 destinaret,
517 3590 662 3650 ordinavit
676 3601 706 3651 et
721 3611 842 3651 munera
857 3613 924 3671 quae
940 3593 1029 3652 beato
1044 3591 1138 3651 Petro
1157 3579 1270 3679 ἷξζῐῗξξέθ

216 3893 235 3923 ¹⁵
254 3889 362 3962 Sergia]
391 3893 617 3945 mutas-701.
675 3898 781 3942 tament.
818 3894 867 3942 See
881 3892 923 3941 the
936 3907 1022 3943 verses
1035 3895 1138 3944 written

215 3963 237 3994 ²⁰
252 3963 405 4026 Prudentem]
439 3965 550 4015 Aname
570 3965 640 4014 forn
676 3965 709 4025 by
723 3965 817 4013 Alcuin
831 3963 881 4011 end
894 3964 996 4024 printed
1009 3965 1041 4026 by
1055 3966 1139 4014 Baro-

179 4036 282 4085 volnme
310 4036 457 4097 containing
485 4036 528 4085 the
556 4035 643 4097 Scrip-
676 4035 959 4096 niusn.n.⁷78‚§2⁷.

181 4113 252 4166 tures
267 4107 297 4156 nl
312 4107 420 4157 theold
436 4108 486 4157 aud
501 4107 567 4156 New
580 4108 641 4156 Tea·
711 4103 731 4134 ³²
747 4099 852 4172 Supra]
876 4103 989 4171 Seeqz
1072 4105 1074 4108 ⁴
