2850 4890
238 334 303 399 282
610 351 823 400 areanum.

61 524 164 577 aaron,
277 504 348 572 §4:3.
370 495 453 557 Nam
465 507 534 578 post
544 517 637 558 annos
646 498 794 569 undecim,
806 496 915 578 Spiritu
926 495 1040 558 Sancto
1051 495 1194 558 suadente

58 576 197 678 ffi'ffi‘„
234 593 265 644 et
278 583 416 655 docente,
427 584 753 645 consilioadecanibus
761 584 853 654 iacto,
864 591 1041 643 etasaucto
1052 584 1195 664 episcopo

58 678 198 718 lurenedeta
235 669 407 729 Eadbertho
434 668 554 730 licentia
574 670 655 741 data,
682 670 820 749 reliquias
842 669 953 728 ossium
979 671 1076 729 sancti
1101 669 1194 728 Guth-

59 738 100 767 ven
110 739 177 778 ’Μ’
234 756 308 814 berti
322 757 457 834 episcopi
477 758 567 815 totius
585 755 705 816 familiae
723 755 921 835 probatissimi
933 755 989 814 viri
1002 755 1041 814 de
1056 755 1194 834 sepulcro

232 848 448 920 proposuerunt
462 842 587 901 elevare.
634 841 816 901 Invenerunt
834 841 934 918 itaque
954 841 983 898 in
1004 842 1099 919 prima
1113 861 1196 920 aper·
1219 858 1232 900 n

234 927 312 985 tione
331 927 470 1006 sepulcri,
493 926 574 1007 quod
593 927 675 986 dictu
697 928 799 986 mirum
816 936 872 997 est,
894 933 989 984 toturn
1008 946 1118 1007 corpus
1133 933 1194 986 tam

234 1013 378 1089 integrum
401 1033 490 1091 quam
514 1023 582 1072 ante
608 1032 699 1073 annos
729 1013 865 1072 undecim
886 1010 1106 1090 deposuerant;
1137 1031 1194 1071 non

234 1106 434 1157 marcescente
463 1106 493 1157 et
516 1106 689 1158 senescente
713 1107 780 1158 cute
804 1106 835 1158 et
858 1098 1061 1156 arescentibus
1086 1098 1194 1167 nervis,

235 1204 343 1263 corpus
358 1192 487 1243 erectum
504 1193 534 1243 et
551 1184 676 1263 rigidum
690 1193 747 1255 est,
763 1183 817 1244 sed
832 1184 962 1242 membra
974 1183 1065 1262 plena
1082 1185 1195 1242 vivaci-

235 1277 296 1328 tate
325 1270 353 1327 in
378 1269 509 1329 articulis
534 1270 686 1329 mutabilia
708 1270 950 1349 requiescebant:
982 1269 1095 1328 collum
1117 1269 1234 1328 enimlo

236 1354 343 1434 capitis
361 1364 391 1414 et
410 1375 507 1432 genua
527 1376 654 1425 crurum,
676 1355 755 1414 sicut
777 1355 903 1415 viventis
919 1355 1058 1425 hominis,
1078 1354 1195 1414 elevata

236 1440 274 1499 de
286 1440 422 1519 sepulcro
433 1449 465 1500 ut
475 1441 628 1500 voluerunt
639 1440 757 1501 flectere
767 1449 932 1520 potuerunt.
977 1439 1089 1499 Omnia
1097 1449 1196 1500 autem

237 1527 411 1585 vestimenta
425 1534 456 1584 et
469 1527 681 1597 calceamenta,
696 1547 764 1606 quar
777 1526 848 1606 pelli
865 1525 996 1604 corporis
1013 1528 1080 1604 ejus
1098 1526 1197 1585 adbae-

236 1613 350 1681 rebant,
376 1612 476 1670 attrita
499 1633 556 1671 non
582 1620 673 1672 erant.
716 1611 801 1672 Nam
825 1611 975 1672 sudarium
993 1612 1195 1682 revolventes,

236 1718 295 1776 quo
311 1706 401 1776 caput
415 1700 480 1777 ejus
495 1698 678 1776 cingebatur,
697 1699 825 1777 pristiuae
845 1696 1036 1757 candiditatis
1053 1698 1233 1776 polenta-15

236 1783 333 1842 dinem
349 1784 531 1854 custodiens,
546 1793 576 1843 et
591 1783 703 1844 ficones
717 1785 796 1862 povi,
811 1785 918 1861 quibus
929 1782 1082 1843 calceatus
1097 1791 1154 1853 est,
1165 1785 1194 1842 iu

235 1868 362 1927 basilica
376 1878 477 1928 nostra
490 1871 565 1929 inter
577 1870 718 1949 reliquias
736 1891 788 1950 pro
802 1869 976 1930 testimoniis
996 1888 1092 1948 usque
1107 1869 1195 1928 hodie

235 1953 389 2013 habentur.

61 2067 200 2109 Memfi„
276 2045 352 2112 §44-
376 2037 523 2099 Dominus
541 2040 641 2121 itaque
665 2061 717 2121 pro
741 2041 851 2100 honore
873 2039 968 2099 sancti
989 2040 1127 2120 martyris
1149 2041 1194 2100 sui

61 2119 204 2210 mna-*¹¹⁸
236 2131 306 2202 post
319 2124 430 2184 obitum
441 2128 505 2204 ejus
517 2126 705 2205 plurimorum
716 2127 865 2185 hominurn
877 2125 1018 2185 sanitates
1029 2126 1195 2184 secundum
1204 2143 1234 2188 20

236 2207 326 2269 fidem
340 2230 440 2270 eorum
454 2212 625 2274 donaverat.
670 2212 754 2272 Nam
771 2211 891 2290 quidam
910 2211 1123 2290 paterfamilias
1138 2210 1194 2271 fili-

237 2315 286 2354 um
311 2316 397 2356 suum
418 2317 437 2355 a
456 2296 603 2357 daemonio
626 2297 793 2375 fatigatum,
814 2296 1024 2356 vociferantem
1050 2304 1081 2356 et
1106 2297 1192 2356 lacri-

236 2389 374 2453 mantem,
404 2382 642 2461 lacerantemque
665 2404 773 2462 corpus
808 2403 904 2453 suum,
935 2384 964 2441 in
989 2383 1124 2462 plaustro
1153 2383 1193 2442 ad

235 2468 362 2526 insulam
373 2476 503 2527 nostram
511 2470 639 2528 vehebat
652 2469 691 2528 ad
705 2468 843 2548 reliquias
858 2476 1026 2528 sanctorum
1041 2468 1193 2547 apostolo-

235 2573 298 2611 rum
319 2562 348 2611 et
364 2564 523 2633 martyrum
538 2553 608 2623 Dei,
622 2555 664 2613 ita
678 2563 711 2614 ut
726 2555 843 2614 occulte
861 2563 924 2613 erat
937 2554 1064 2613 edoctus
1079 2574 1098 2613 a
1112 2574 1193 2634 pres·
1203 2571 1232 2616 tt

235 2638 340 2717 hytero
364 2660 444 2719 saepe
466 2648 636 2710 memorato,
653 2641 768 2699 nomine
788 2639 877 2709 Tidii,
897 2641 949 2718 qui
970 2659 1075 2698 sanare
1098 2639 1192 2700 filium

236 2726 311 2801 ejus,
340 2732 371 2782 et
396 2724 498 2802 fugare
522 2726 700 2786 daemonium
727 2747 785 2786 non
811 2726 938 2784 valebat.
981 2726 1089 2804 Igitur,
1115 2727 1193 2786 sicut

236 2809 376 2879 diximus,
391 2811 537 2870 clamante
553 2820 583 2870 et
596 2812 776 2872 vociferante
796 2809 987 2881 daemonioso,
1001 2811 1192 2891 plurimorum

235 2916 320 2954 aures
334 2896 436 2954 horror
448 2897 566 2967 invasit,
577 2899 675 2956 multis
689 2896 913 2976 desperantibus
925 2896 1047 2976 aliquod
1058 2898 1191 2957 sanitatis

235 2981 395 3040 remedium
407 2982 564 3042 miserabili
576 3003 667 3062 puero
678 3003 767 3063 posse
778 2983 912 3042 conferri.
950 2981 1081 3049 Quidam
1094 2992 1190 3043 tamen
1202 2999 1231 3045 3⁰

236 3068 322 3127 bouae
332 3076 362 3125 et
372 3067 492 3145 integrae
502 3067 583 3139 fidei,
595 3068 633 3128 ad
646 3069 743 3128 Deum
754 3088 836 3148 spem
848 3087 972 3145 ponens,
984 3075 1013 3127 et
1023 3067 1192 3147 deposcens

236 3151 1191 3234 sanotiCudbertiadjutorium,misericordiacommotus,aquam

235 3236 396 3307 benedixit,
416 3246 447 3296 et
461 3247 573 3318 partem
592 3241 671 3300 humi
687 3239 725 3299 de
740 3240 791 3299 illa
808 3238 1021 3319 fossamque
1037 3239 1191 3299 lavacrum

236 3323 366 3401 corporis
387 3325 481 3382 sancti
505 3327 637 3405 episcopi
660 3326 751 3385 nostri
770 3334 838 3404 post
856 3325 968 3384 obitum
985 3324 1114 3384 effusum
1134 3333 1190 3396 est,

235 3408 367 3487 capiens,
392 3410 517 3487 aspersit
543 3412 572 3469 in
598 3432 674 3471 earn.
720 3412 803 3470 Puer
826 3431 907 3480 vero,
932 3409 1091 3488 degustata
1111 3427 1228 3491 aquarn

236 3493 404 3563 benedicta,
432 3515 450 3552 a
475 3497 591 3572 garrula
610 3517 685 3557 voce
710 3497 760 3555 illa
783 3495 901 3566 desinit,
928 3497 1118 3575 crastinoque
1142 3496 1189 3556 die

236 3589 401 3657 compatre
422 3600 476 3639 suo
498 3583 607 3658 gratias
624 3603 714 3660 agens
732 3582 871 3653 Domino,
886 3582 925 3641 ad
942 3582 1081 3660 reliquias
1103 3603 1188 3642 sanc·

234 3673 341 3735 torum,
357 3686 409 3746 pro
423 3687 547 3745 quorum
567 3689 665 3728 amore
685 3675 819 3727 sanatum
837 3689 869 3727 se
888 3689 907 3727 a
921 3667 989 3727 Deo
1008 3667 1145 3741 credidit,
1161 3670 1189 3727 in

280 3949 286 3977 ¹
306 3945 392 4018 Nara]
417 3951 465 4000 See
487 3950 523 4000 H.
545 3952 575 4000 E.
593 3965 631 3999 nv,
651 3954 696 4012 303
764 3947 783 3978 ¹⁹
800 3947 939 4020 Boratinon]
967 3952 1020 4002 Vit.
1033 3953 1107 4004 Pros.
1124 3956 1188 4017 Cap.

236 4022 291 4070 Vit.
306 4022 381 4069 Pros.
394 4021 459 4082 Cap.
473 4035 537 4071 xnrr.
728 4035 786 4084 xn15
806 4023 861 4072 vit.
873 4024 938 4073 Met.
952 4023 1016 4085 Cap.

278 4090 288 4118 ²
305 4086 463 4159 Beronibus]
484 4092 639 4141 Diaconibus
652 4089 686 4158 (t)
