2850 4890
469 374 637 421 nuoronn
659 374 741 422 vnn.
766 375 871 425 unua.
1096 363 1134 426 11

191 531 378 596 Hesternee
395 537 531 596 tantum
547 541 768 615 superessent
785 532 956 616 fragmina
973 553 1106 618 coenae3

192 633 384 698 Convivam
401 633 536 697 rediens
554 635 690 717 quaerit,
708 635 769 699 sed
786 635 882 698 nulla
898 636 1028 700 viantis

191 733 300 815 Signa
316 734 442 816 pedum
458 735 560 798 niveo
578 753 752 817 quoquam
769 736 952 818 conspexit
967 736 1003 800 in
1021 756 1116 801 arvo.

192 834 365 899 Interiora
381 841 502 916 petens
519 854 618 899 roseo
635 836 754 900 nidore
771 835 899 900 referta

163 934 363 1018 sRepperit
378 934 465 1013 hacc,
482 937 607 1000 mirum
623 935 739 1002 dictu!
763 937 961 1020 pariterque
978 944 1096 1002 tuetur

191 1035 278 1099 Tres
295 1037 380 1100 inibi
396 1057 416 1101 e
434 1024 544 1101 nitido
557 1036 731 1118 fulgentes
747 1037 877 1120 polline
893 1057 1013 1121 panes.

191 1136 295 1201 Talia
312 1145 386 1201 tum
403 1136 531 1221 pavido
550 1137 762 1201 Cutberhtus
779 1144 919 1220 pectore
933 1138 1039 1216 fatur,

192 1236 329 1302 ‘Cerno
369 1239 462 1320 quod
495 1237 646 1303 aetherea
680 1237 905 1303 descenderat
937 1239 1063 1323 hospes
1097 1241 1141 1304 ab

342 1340 435 1418 aula,
1170 1341 1172 1346 '

148 1457 179 1502 ro
192 1437 431 1524 Cognatisque
447 1438 535 1504 levis
552 1458 590 1501 se
607 1436 756 1502 reddidit
771 1437 882 1521 aliger
898 1440 1014 1518 astris,

193 1535 353 1618 Poscere,
371 1560 441 1605 non
457 1539 566 1623 pasci,
582 1539 738 1617 veniens,
755 1546 791 1603 et
806 1538 938 1604 fercula
954 1547 1098 1623 portans

193 1639 323 1720 Qualia
333 1661 407 1705 non
424 1647 574 1723 surgunt
589 1645 717 1704 nostrae
734 1640 777 1703 de
794 1641 947 1722 germine
963 1643 1097 1706 messis.

193 1741 284 1805 Lilia
300 1761 364 1805 nec
381 1741 542 1819 candent,
559 1761 622 1806 nee
639 1741 689 1805 sic
705 1760 786 1805 rosa
801 1740 936 1823 fulgida
951 1741 1097 1825 fragrat,

193 1841 394 1924 Nostraque
410 1841 599 1907 mannifluo
617 1848 827 1925 spernuntur
842 1842 945 1907 mella
962 1861 1097 1927 sapore.

150 1962 179 2006 rs
194 1943 276 2007 Non
291 1942 366 2007 haec
383 1964 466 2027 ergo
483 1962 580 2006 meus
596 1949 689 2008 tosto
706 1941 748 2006 de
765 1943 897 2007 viscere
913 1943 1051 2022 fornax,

192 2043 273 2122 Sed,
290 2043 463 2126 paradise,
481 2050 563 2109 tuus
580 2043 694 2126 gignit
709 2062 810 2107 saera
826 2063 970 2108 munera
985 2044 1131 2111 fructus.

194 2144 270 2208 Nec
286 2145 410 2208 mirum
429 2153 566 2210 nostras
583 2144 680 2209 dives
696 2143 788 2226 quod
805 2145 939 2228 respuit
955 2163 1064 2225 escas,

194 2244 368 2329 Perpetuo
385 2246 469 2311 vitae
486 2245 612 2310 fruitur
629 2245 689 2328 qui
705 2264 795 2328 pane
812 2265 874 2328 per
891 2246 1028 2310 aevum!

243 2345 344 2429 Saepe
361 2345 485 2411 dehinc
501 2365 665 2429 superum
682 2346 761 2410 visu
778 2353 951 2430 gustuque
966 2349 1107 2430 superni

148 2468 180 2512 ro
195 2447 324 2525 Farris,
342 2454 378 2512 et
394 2447 552 2530 angelico
568 2447 695 2511 meruit
710 2465 867 2511 sermone
883 2448 999 2529 potiri.

194 2548 287 2612 Nam
304 2547 358 2613 vir
374 2555 488 2613 mente
506 2549 583 2612 Deo
600 2546 746 2612 devotus
764 2553 799 2611 et
815 2567 875 2611 ore
886 2547 1073 2632 jocundus,

193 2648 398 2721 Sanctificos
415 2656 554 2732 patrum
571 2648 713 2712 Domini
729 2648 793 2712 sub
810 2644 971 2712 laudib'us
989 2656 1088 2716 actus

193 2749 470 2814 Commemorare
497 2749 624 2826 solenS,
651 2749 810 2832 proprios
842 2768 979 2832 quoque
1012 2750 1140 2832 saepius

341 2850 458 2928 infert,

147 2970 178 3014 rs
194 2951 314 3033 Egerit
331 2950 481 3016 aethereo
498 2957 635 3014 tantum
652 2968 740 3033 quos
759 2955 848 3014 teste
864 2948 1068 3035 triumphos.

227 3287 234 3318 ¹
248 3284 426 3348 deperarent]
445 3284 572 3348 Superant
585 3283 655 3346 quia,
716 3279 736 3312 ¹⁸
747 3281 890 3344 Perpetua]
908 3281 1073 3348 Perpetuum,
1089 3285 1143 3348 H.;

193 3357 222 3407 C.
679 3353 720 3403 vel
730 3356 862 3416 perpetuo,
874 3354 902 3402 G.
