2850 4890
272 338 338 404 220
539 357 727 406 nrrsrous
746 357 836 406 vna.
853 357 962 405 naun
1015 318 1019 324 ¹

273 512 358 596 quia
389 512 544 595 praeiatae
582 513 719 578 virtutis
748 533 812 577 nec
845 514 1004 579 notitiam
1040 515 1233 597 probantur

272 613 397 679 habere
423 634 486 679 nec
511 615 672 694 studium,
695 615 776 700 quid
798 615 852 680 his
875 615 968 679 aliud
995 635 1102 699 quam
1127 635 1234 680 evan-

273 716 550 796 gelicaconvenit
560 717 756 782 maledictio
768 717 840 793 illa,
853 736 923 800 qua
935 716 1071 794 dicitur,
1083 722 1094 751 ‘
1106 715 1231 782 Caecus

272 816 303 878 si
316 836 410 881 caeco
425 818 586 883 ducatum
601 825 753 901 praestet,
763 818 863 882 ambo
874 819 910 882 in
921 817 1058 883 foveam
1070 817 1231 882 caduntl’

273 916 363 997 Quae
376 919 535 983 nimirum
549 920 695 984 coecitas
710 927 830 1004 posset
842 920 1029 1003 aliquando
1043 921 1230 998 terminari,
1256 939 1270 982 ⁵

273 1039 314 1084 ac
330 1021 476 1103 regulari
486 1022 671 1104 disciplina
681 1022 845 1099 cohiberi,
858 1023 947 1086 etde
960 1021 1087 1086 finibus
1098 1029 1230 1088 sanctae

272 1123 427 1187 ecclesiae
440 1124 573 1187 cunctis
588 1124 776 1207 pontificali
791 1142 832 1187 ac
845 1123 1013 1206 synodica
1024 1123 1231 1187 auctoritate

272 1225 391 1308 procul
406 1225 545 1307 expelli,
560 1226 674 1289 sinon
691 1225 759 1307 ipsi
780 1225 962 1307 pontifices
980 1224 1091 1306 magis
1111 1223 1232 1308 hujus-

272 1326 364 1391 modi
387 1327 574 1391 sceleribus
600 1347 700 1410 opem
719 1327 804 1392 ferre
825 1334 929 1410 atque
949 1326 1133 1409 astipulari
1153 1344 1231 1407 pro-

271 1428 456 1493 barentur?
479 1429 539 1513 qui
559 1449 628 1495 non
646 1429 859 1494 solummodo
876 1428 1073 1513 hujusmodi
1087 1427 1228 1492 decreta
1241 1445 1269 1490 ro

271 1528 402 1612 injusta
410 1529 516 1613 justis
530 1531 710 1613 infringere
725 1531 870 1596 decretis
885 1551 953 1595 non
967 1535 1101 1607 curant,
1112 1549 1230 1594 verum

271 1633 344 1696 suis
373 1633 488 1715 potius
518 1633 841 1716 subscriptionibus,
868 1641 908 1697 ut
935 1631 1072 1715 praefati
1099 1650 1232 1710 sumus,

272 1735 471 1799 confirmare
486 1742 667 1817 satagunt3
689 1735 809 1798 eadem
830 1735 898 1817 ipsi
917 1733 1136 1817 phylargyria
1156 1733 1229 1798 dic-

269 1842 377 1912 tante,
391 1836 436 1901 ad
452 1835 720 1900 confimandum
734 1837 824 1901 male
839 1836 979 1919 scripta,
994 1855 1064 1920 qua
1079 1845 1229 1900 emtores

270 1938 314 2001 ad
344 1939 612 2020 comparandum
641 1939 836 2023 hujusmodi
865 1939 1076 2004 monasteria
1101 1938 1227 2003 coacti.
1239 1956 1265 2001 1⁵

270 2038 385 2103 Multa
399 2040 539 2123 quidem
559 2040 671 2104 adhuc
692 2041 754 2105 tibi
773 2060 912 2124 possem
927 2040 970 2104 de
989 2039 1042 2104 his
1057 2047 1094 2104 et
1108 2038 1227 2124 hujus·

268 2139 361 2204 modi
389 2141 722 2223 praevaricatoribus,
747 2143 872 2224 quibus
900 2150 1019 2206 nostra
1046 2142 1227 2224 provincia

268 2243 454 2306 miserrime
484 2251 642 2321 vexatur,
670 2242 724 2309 his
757 2244 916 2308 intimare
943 2244 1063 2320 literis,
1092 2243 1123 2307 si
1157 2260 1226 2306 non

266 2345 415 2427 teipsum
427 2364 565 2409 nossem
579 2344 653 2409 baec
666 2344 786 2409 eadem
801 2346 990 2410 certissime
1004 2346 1222 2427 cognovisse.

269 2446 361 2509 Nam
376 2465 487 2528 neque
501 2446 576 2510 haec
590 2447 641 2510 ita
655 2448 788 2531 scripsi,
803 2448 905 2530 quasi
919 2447 1108 2512 certissime
1123 2455 1159 2514 te
1173 2468 1226 2528 ea,
1235 2467 1263 2512 ao

267 2568 346 2631 quae
376 2555 480 2612 antea
507 2548 670 2627 nescires,
697 2568 809 2613 essem
836 2549 1011 2626 docturuS,
1032 2548 1095 2613 sed
1122 2559 1164 2615 ut
1192 2558 1225 2615 te

267 2650 380 2713 amica
394 2650 634 2714 exhortatione
652 2670 910 2728 commonerem,
924 2670 979 2729 ea,
995 2670 1074 2733 quae
1094 2651 1224 2734 optime

266 2770 422 2829 noveras,
451 2759 566 2816 errata
600 2752 765 2835 diligenti,
793 2759 894 2835 prout
921 2751 1030 2828 valeS,
1057 2751 1225 2818 instantia

266 2854 443 2936 corrigere.

93 2961 251 3013 Revetitionof
311 2954 397 3038 §lt
420 2954 466 3021 Et
480 2956 555 3039 jam
570 2956 712 3039 jamque
732 2962 766 3020 te
785 2956 930 3021 multum
942 2956 1107 3039 deprecor
1120 2963 1261 3039 atquem

91 3014 234 3054 exhortatione

89 3063 229 3155 limi.
267 3058 421 3122 obtestor
446 3059 482 3122 in
508 3059 670 3137 Domino,
693 3065 733 3122 ut
756 3059 975 3123 commissum
1002 3058 1065 3122 tibi
1089 3078 1224 3141 gregem

91 3165 162 3212 ‘trien
266 3160 407 3224 sedulus
417 3161 461 3224 ab
470 3162 668 3224 irruentium
679 3160 837 3243 luporum
847 3161 1065 3243 improbitate
1074 3161 1223 3242 tuearis3

266 3267 369 3342 teque
380 3281 449 3324 non
458 3262 714 3340 mercenarium,
723 3261 783 3327 sed
795 3269 980 3345 pastorem,
996 3263 1224 3328 constitutum

266 3380 344 3425 esse
354 3361 558 3440 memineris
569 3363 629 3446 qui
641 3382 789 3427 amorem
801 3364 925 3427 summi
936 3362 1093 3428 Pastoris
1104 3365 1225 3429 solerti

265 3463 379 3528 ovium
400 3464 508 3545 ipsius
527 3465 686 3546 pastione
706 3465 929 3544 demonstres,
943 3485 1074 3549 proque
1093 3467 1223 3532 eisdem
1234 3483 1262 3529 so

267 3565 401 3643 ovibus
428 3565 457 3628 si
482 3565 532 3630 ita
554 3585 607 3629 res
632 3567 837 3648 poposcerit,
858 3586 936 3631 cum
955 3568 1058 3631 beato
1082 3576 1224 3651 aposto·

265 3667 375 3730 lorum
393 3667 546 3749 principe
568 3669 716 3731 animam
732 3688 857 3750 ponere
875 3675 1017 3751 paratus
1036 3669 1096 3732 sis.
1141 3670 1223 3734 Pre-

267 3788 327 3833 cor
352 3769 499 3833 sollicite
527 3789 737 3854 praecaveas
765 3791 808 3834 ne
837 3790 915 3834 cum
943 3770 1034 3835 idem
1060 3772 1222 3857 princeps

543 4092 553 4120 ³
571 4089 675 4161 Cacus]
705 4094 744 4143 st.
758 4094 834 4144 Matt.
848 4109 891 4144 xv.
905 4098 945 4144 14.
