2850 4890
576 348 787 395 tirrannus.

536 728 738 789 NUMBER
760 728 827 789 111.

206 898 431 962 Gnaaonrus¹
451 893 578 958 Meanoe
603 894 735 974 Talnae,
751 893 868 959 Sereno
883 892 1056 973 Massiliae,
1069 892 1164 1042 Lppo

254 982 423 1061 Cabilloni,
441 981 576 1068 Aigalso
595 980 720 1059 Mettis,
736 979 901 1065 Simplicio
917 979 1073 1060 Parisiis,
1135 1001 1165 1041 a·

245 1066 521 1240 {adnibilfflmo'
543 1076 573 1129 et
592 1065 734 1146 Licinio,
754 1067 906 1152 episcopis
928 1064 1128 1128 Francorum
1145 1086 1166 1126 o
1192 1169 1205 1210 ⁵

210 1331 315 1389 chsr
328 1327 536 1387 fraternitatem
553 1334 679 1386 vestram
694 1328 826 1407 suscepti
839 1325 928 1387 officii
942 1345 1015 1383 cura
1034 1342 1167 1382 commo·

209 1425 287 1484 neat,
313 1425 345 1473 nt
365 1413 508 1491 religiosis
533 1413 614 1482 viris,
630 1420 660 1471 et
681 1415 829 1493 praecipue
847 1414 875 1471 in
893 1430 986 1471 causa
1003 1409 1168 1480 animarum

209 1500 421 1568 laborantibus,
437 1498 515 1558 omni
528 1497 636 1556 debeat
653 1499 758 1557 adnisu
779 1517 968 1564 concurrere;
993 1503 1167 1553 nontamen

210 1587 248 1645 ab
263 1607 293 1644 re
307 1593 363 1655 est,
379 1585 404 1644 si
418 1583 644 1644 sollicitudinem
658 1593 786 1643 vestram
800 1583 990 1664 epistolarum
1003 1587 1169 1640 nostrarum

211 1692 307 1731 sermo
315 1671 492 1750 pulsaverit:
508 1669 588 1749 quia,
598 1670 675 1728 sicut
683 1670 769 1746 ignis,
781 1689 854 1728 aura
864 1667 964 1738 flante,
974 1666 1008 1725 fit
1018 1664 1169 1744 grandior,
1180 1681 1209 1726 lo

210 1760 252 1816 ita
265 1758 352 1815 bonae
368 1756 472 1814 mentis
489 1755 588 1814 studia
605 1754 857 1824 commendatione
875 1751 1041 1834 proficiunt.
1086 1751 1169 1818 Quia

212 1844 308 1921 igitur,
337 1841 526 1900 Redemtoris
557 1841 648 1899 nostri
677 1843 771 1918 gratia
803 1848 992 1920 cooperante,
1016 1844 1101 1896 tauta
1130 1835 1168 1895 de

212 1927 380 2005 Anglorum
404 1935 491 2004 gente
514 1926 552 1985 ad
576 1926 751 1984 Christianae
772 1925 843 1984 fidei
867 1925 991 2003 gratiam
1010 1921 1169 1981 multitudo

213 2013 400 2080 convertitur,
415 2021 448 2070 nt
460 2010 720 2071 reverendissimus
731 2013 893 2071 communis
907 2010 997 2069 frater
1008 2016 1040 2067 et
1052 2009 1170 2088 coepis-

214 2119 308 2179 copus
329 2107 428 2157 noster
452 2097 639 2175 Augustinus
663 2117 727 2168 eos,
752 2098 802 2178 qni
822 2117 923 2156 secum
947 2103 1025 2165 sunt,
1048 2093 1088 2152 ad
1113 2095 1209 2154 hocla

214 2206 289 2264 opus
314 2183 536 2263 exsequendum
562 2203 612 2262 per
637 2182 755 2243 diversa
779 2182 846 2242 loca
868 2191 983 2242 asserat
1002 2200 1061 2240 non
1080 2199 1170 2259 posse

215 2267 349 2329 sufficere
358 2290 366 2337 ;
390 2269 556 2349 aliquantos
571 2267 689 2327 adeum
705 2268 875 2339 monachos,
886 2287 953 2328 cnm
968 2266 1169 2325 dilectissimis

214 2349 249 2414 et¹
264 2355 468 2414 communibus
497 2353 564 2413 filiis
593 2354 750 2413 Laurentio
778 2355 961 2434 presbytero,
990 2359 1020 2410 et
1050 2350 1170 2410 Mellito

214 2442 333 2511 abbate,
355 2439 545 2521 praevidimus
566 2439 815 2499 transmittendos.
858 2439 899 2498 Et
917 2438 984 2497 ideo
1002 2435 1170 2496 fraternitas

215 2536 313 2586 vestra
327 2527 370 2585 eis
383 2526 545 2594 caritatem,
560 2545 648 2604 quam
662 2524 761 2593 decet,
776 2525 926 2594 exhibeat,
941 2533 1030 2603 atque
1046 2523 1088 2580 ita
1099 2522 1171 2592 illis,
1180 2537 1211 2582 aa

215 2613 393 2690 ubicumque
418 2631 541 2670 neeesse
564 2611 662 2679 fuerit,
691 2611 824 2669 auxiliari
852 2610 986 2676 festinet:
1024 2615 1170 2686 qnatenus

216 2698 297 2767 dum,
319 2698 404 2757 vobis
427 2696 647 2776 opitulantibus,
669 2696 764 2755 nullas
789 2695 848 2754 illic
872 2693 1037 2755 remorandi
1061 2713 1171 2753 causas

216 2782 380 2852 habuerint,
404 2794 433 2840 et
455 2783 512 2861 ipsi
534 2790 633 2841 vestra
653 2802 686 2840 se
705 2782 851 2841 relevatos
876 2780 1080 2840 consolatione
1100 2799 1172 2838 con·

217 2868 374 2946 gaudeant,
390 2879 419 2926 et
432 2889 488 2927 vos
503 2867 673 2926 solatiorum
687 2867 867 2926 exhibitione
881 2868 910 2925 in
924 2886 1027 2935 causa,
1041 2885 1095 2945 pro
1113 2885 1173 2944 qna

216 2954 319 3013 directi
333 2961 410 3022 sunt,
425 2953 545 3033 possitis
560 2953 718 3032 participes
733 2952 881 3012 invenirit
1181 2965 1211 3010 aa

261 3261 267 3290 ¹
288 3265 363 3313 Beda
379 3264 483 3312 informs
499 3280 531 3314 us
548 3263 597 3330 (H.
612 3266 643 3314 E.
660 3280 678 3316 1.
712 3267 790 3316 vided
803 3266 865 3315 with
882 3267 972 3316 letters
988 3271 1015 3315 to
1035 3282 1174 3320 numerous

217 3333 679 3399 xxix.§72)thatAugustinehaving
710 3337 1174 3399 otherbishops,fromwhichthefol·

217 3404 324 3465 applied
342 3411 368 3453 to
389 3405 505 3466 Gregory
523 3405 563 3454 for
581 3406 681 3455 further
710 3408 806 3469 lowiag
817 3422 940 3469 passages
952 3423 996 3456 are
1009 3410 1153 3460 extracted.

218 3475 261 3522 aid
273 3475 298 3521 in
312 3474 354 3522 the
366 3477 515 3524 conversion
528 3475 557 3524 of
569 3478 680 3540 Britain,
745 3479 785 3526 Ex
793 3479 905 3540 epistola
911 3479 945 3526 ad
956 3479 1174 3530 Desideriani·

218 3545 336 3593 received
350 3545 492 3594 additional
501 3547 645 3608 assistente,
655 3548 684 3595 of
710 3549 1174 3610 ennensemepiscopum,‘M0naohos

218 3615 302 3662 whom
322 3615 452 3676 Mellitus,
464 3616 568 3678 Justus,
589 3618 680 3665 Pauli·
711 3633 781 3680 vero,
792 3633 856 3679 qnos
866 3634 919 3667 una
931 3634 988 3666 cum
1005 3620 1175 3670 dilectissimo

220 3699 267 3732 nus
291 3686 342 3733 and
365 3686 516 3734 Rufinianus
547 3703 615 3736 were
638 3688 680 3736 the
711 3690 763 3736 filio
772 3696 857 3737 nostro
867 3689 1004 3738 Laurentio
1014 3692 1174 3754 presbytero,

220 3755 297 3803 chief.
334 3755 417 3804 These
430 3757 462 3804 he
476 3756 609 3806 furnished
617 3759 680 3806 with
712 3764 738 3806 et
746 3760 849 3808 Mellito
858 3760 962 3821 abbate,
970 3761 1003 3808 ad
1012 3763 1175 3811 reverendis·

220 3826 263 3873 the
272 3826 353 3873 above
363 3828 596 3889 recommendatory
606 3829 682 3877 letter
712 3830 802 3877 simum
823 3830 926 3878 fratrem
948 3835 974 3878 et
993 3832 1174 3894 coepiscopum

219 3902 245 3943 to
280 3896 380 3944 several
415 3897 533 3946 Gallican
566 3899 681 3960 bishops‚
713 3904 826 3948 nostrum
838 3899 1013 3960 Augustinum
1032 3904 1175 3951 transmisi·

221 3965 306 4013 which
320 3967 342 4013 is
355 3966 433 4015 found
447 3968 472 4015 in
485 3968 525 4016 his
541 3971 609 4030 Epp.
624 3969 681 4017 Lib.
713 3983 778 4030 mus,
792 3971 866 4018 vobis
878 3971 903 4017 in
916 3971 1032 4019 omnibus
1048 3987 1174 4021 commen-

222 4050 312 4096 tnep.
324 4036 388 4083 lviii.
712 4040 813 4100 danius,
839 4046 867 4088 ut
898 4040 1058 4090 fraternitate
1089 4049 1174 4093 vestra

264 4104 273 4130 ²
290 4103 345 4153 'l'he
356 4107 530 4156 nrissionarics
541 4123 609 4157 ruere
623 4124 680 4170 pro·
712 4110 857 4173 solatiante,
879 4112 951 4159 nulla
966 4113 1026 4160 illos
1044 4113 1077 4162 ad
1098 4116 1173 4175 proli-
