2850 4890
434 354 485 400 nn
504 352 759 401 ncennncruu
778 353 1029 402 nn'rrsrrrnu.
1145 335 1211 401 215

250 510 358 576 insita
378 513 444 576 sibi
463 514 647 579 dilectione
667 515 851 598 religionis,
866 512 1031 599 quicquid
1052 511 1096 577 ad
1113 530 1210 594 regu·

250 611 321 678 lam
350 615 491 698 pietatis
522 617 681 699 pertinet,
711 618 809 681 firma
836 617 992 699 protinus
1021 613 1210 679 intentione

251 714 417 799 adjuvare
430 719 574 795 curabit,
589 727 624 783 et
638 718 788 782 maxime
802 719 864 782 illa
878 736 956 801 quae
974 724 1024 795 tu,
1038 733 1144 798 quum
1159 712 1208 777 sis

251 817 465 900 propinquus
500 819 592 883 illins
628 819 896 895 amantissimus,
924 818 1016 880 bona
1050 813 1211 897 coeperis,

221 916 324 998 eipse
361 925 400 981 ut
434 919 655 1001 perficiantur
691 919 927 1002 opitulabitur.
990 916 1211 999 Quapropter

250 1017 352 1083 velim
367 1018 507 1084 solerter
519 1021 615 1084 illum
631 1019 828 1097 admoneas,
843 1020 931 1084 utin
948 1018 1070 1084 diebus
1086 1017 1209 1082 vestris

248 1124 380 1183 statum
408 1127 534 1185 nostrae
564 1122 675 1204 gentis
705 1121 979 1188 ecclesiasticum
1006 1119 1044 1183 in
1075 1118 1210 1192 melino,

249 1239 354 1303 quam
383 1221 550 1288 hactenus
578 1224 702 1302 fuerat,
731 1225 925 1289 instaurare
954 1228 1060 1286 curet.
1106 1218 1209 1297 Quod

250 1339 320 1385 non
333 1321 402 1387 alio
418 1325 539 1405 magis,
554 1333 594 1389 ut
608 1325 691 1390 mihi
706 1326 850 1402 videtur,
867 1329 983 1407 potest
996 1321 1115 1391 ordine
1129 1338 1207 1403 per·

207 1421 318 1500 refici,
344 1443 448 1506 quam
482 1425 512 1488 si
544 1426 658 1508 plures
691 1434 818 1491 nostrae
846 1425 940 1508 genti
969 1429 1211 1489 consecrentur

250 1524 433 1603 antistites
463 1528 726 1610 exemplumque
753 1524 949 1609 sequamini
976 1522 1210 1607 legislatoris,

250 1624 311 1707 qui
326 1644 431 1709 quum
447 1625 542 1693 solus
551 1626 668 1711 Jurgia
679 1648 721 1692 ac
731 1628 868 1712 pondus
881 1625 1085 1691 Israeliticae
1098 1623 1210 1706 plebis

251 1727 423 1793 sustinere
451 1747 520 1793 non
543 1737 676 1812 posset,
705 1729 808 1810 elegit
835 1728 902 1792 sibi
926 1725 1043 1791 divino
1069 1723 1209 1808 adjutus

250 1827 408 1906 consilio,
423 1835 458 1893 et
475 1830 691 1895 consecravit
707 1829 928 1912 septuaginta
942 1827 1104 1903 seniores,
1125 1844 1212 1908 quo·

210 1947 241 1992 15
253 1948 329 1992 rum
348 1949 414 2013 ope
434 1937 538 2013 atque
558 1932 703 1995 consilio
721 1931 920 2014 impositum
940 1928 1007 1992 sibi
1023 1945 1111 1991 onus
1125 1925 1211 1992 ferre

252 2031 363 2095 levius
383 2038 514 2113 posset.
560 2030 649 2109 Quis
670 2032 759 2096 enim
779 2051 849 2094 non
868 2031 988 2096 videat
1013 2036 1145 2112 quanto
1165 2029 1212 2093 sit

251 2129 375 2195 melius
395 2139 467 2196 tam
486 2152 625 2197 enorme
639 2132 775 2216 pondus
790 2132 1016 2197 ecclesiastici
1037 2130 1210 2212 regiminis

252 2233 425 2316 inplures,
437 2233 497 2318 qui
509 2233 573 2299 hoc
585 2235 801 2317 dispertitum
810 2232 948 2298 facilius
959 2231 1082 2310 ferant,
1094 2231 1212 2308 dividi,

253 2354 359 2419 quarn
377 2355 482 2399 unum
500 2336 564 2400 sub
583 2335 689 2415 fasce,
710 2356 813 2419 quem
834 2344 970 2417 portare
992 2351 1062 2399 non
1085 2334 1208 2416 possit,

207 2436 409 2520 mopprimi.
454 2435 547 2502 Nam
568 2444 604 2501 et
626 2444 768 2501 sanctus
788 2455 882 2520 papa
897 2433 1094 2516 Gregorius
1106 2454 1211 2516 quum

252 2537 295 2603 de
318 2537 384 2602 fide
406 2547 534 2602 nostrae
558 2539 681 2621 gentis,
702 2558 781 2622 quae
809 2538 920 2602 adbuc
941 2536 1058 2601 futura
1077 2544 1113 2600 et
1131 2553 1212 2600 con·

250 2639 421 2706 servanda
440 2648 513 2704 erat
539 2640 575 2703 in
597 2639 748 2718 Christo,
768 2639 812 2704 ad
832 2634 1072 2703 beatissimum
1100 2636 1211 2702 archi-

249 2740 451 2822 episcopum
469 2739 702 2823 Augustinum
726 2741 842 2806 missis
872 2739 979 2804 literis
1006 2739 1212 2823 disputaret,

250 2840 429 2905 duodecim
461 2841 496 2904 in
527 2861 570 2904 ea
597 2841 791 2925 episcopos,
819 2850 1004 2924 postquam
1031 2839 1079 2905 ad
1108 2839 1209 2904 fidem

209 2943 421 3020 revenirent,
453 2943 662 3007 ordinandos
697 2963 775 3008 esse
806 2944 975 3023 decrevit3
1014 2942 1050 3006 in
1084 2939 1210 3025 quibus

249 3044 479 3109 Eburacensis
503 3046 661 3124 antistes
687 3053 831 3129 accepto
861 3065 883 3109 a
909 3043 991 3109 sede
1016 3041 1210 3126 apostolica

246 3147 366 3231 pallio,
392 3147 677 3229 metropolitanus
694 3166 777 3236 ‘esse
801 3147 949 3211 deberet.
995 3143 1108 3224 Quem
1128 3162 1209 3227 pro-

248 3249 340 3314 fecto
351 3268 527 3313 numerum
538 3249 777 3332 episcoporum
787 3249 888 3314 velim
900 3247 1001 3313 modo
1013 3255 1075 3311 tua
1086 3253 1209 3311 sancta

250 3351 453 3435 paternitas,
467 3351 708 3434 patrocinante
729 3349 891 3433 praesidio
910 3347 1056 3431 piissimi
1074 3366 1116 3411 ac
1131 3346 1208 3412 Deo

206 3471 239 3517 so
251 3453 368 3517 dilecti
391 3453 480 3535 regis
506 3451 654 3535 praefati,
679 3451 820 3516 solerter
844 3449 984 3533 implere
1010 3446 1209 3526 contendat,

250 3561 434 3638 quatenus
464 3554 660 3619 abundante
687 3573 828 3618 numero
855 3552 1104 3634 magistrorum,
1133 3568 1209 3631 per-

251 3656 376 3721 fectius
404 3656 553 3721 ecclesia
583 3655 710 3720 Christi
744 3656 779 3719 in
808 3654 872 3732 bis,
898 3673 978 3736 quoe
1004 3652 1049 3716 ud
1078 3650 1208 3714 cultum

293 3941 492 4015 ⁴Propr'nqmu.]
523 3947 578 3995 The
591 3947 711 3996 relation·
745 3946 777 3994 be
787 3945 862 3994 made
871 3949 917 3993 out
925 3944 988 3994 from
999 3943 1042 3992 the
1051 3944 1173 3992 accounts
1182 3941 1211 3990 ol

250 4019 309 4080 sbip
317 4018 402 4067 which
411 4018 511 4067 existed
519 4019 636 4066 between
646 4019 712 4078 Ecg·
746 4016 789 4065 the
804 4015 959 4064 Historiam.
1247 4057 1250 4061 ,

251 4091 307 4139 bert
318 4089 371 4139 and
383 4087 499 4140 Ceollrid
511 4093 603 4139 cannot
615 4088 712 4148 clearly
781 4083 801 4115 ²³
813 4079 935 4154 Htteir]
957 4084 994 4135 ll.
1002 4083 1138 4145 E.1.xxix‚
1146 4083 1160 4146 ς
1168 4085 1208 4130 78.
