2850 4890
279 365 344 430 176
475 381 563 428 vsu.
582 379 689 426 nans
707 376 1050 440 cunourcou,s1vn

77 554 252 648 Μωῶιιιιοηιοήιιι
320 539 483 603 Aurelius
502 537 701 604 Alexander
719 538 819 601 annis
845 553 931 601 x111.
974 535 1099 600 Hicin
1127 534 1237 600 Marn-

81 634 160 710 usoJ
191 620 260 709 dats
279 659 389 704 meam
404 648 546 705 matrem
562 658 660 702 suam
675 638 776 703 unice
791 637 869 720 pius
881 637 957 716 suit,
970 644 1006 702 et
1020 638 1065 701 ob
1080 637 1113 701 id
1131 638 1236 702 omni·

278 742 343 805 bus
366 742 533 806 amabilis.
580 739 741 805 Urbanus
762 739 884 804 Romae
905 739 1090 821 episcopus
1110 739 1236 802 multos

278 842 442 906 nobilium
465 841 507 906 ad
528 842 628 906 iidem
643 840 772 906 Christi
792 847 826 904 et
844 840 1043 922 martyrium
1065 839 1236 922 perduxit

280 942 442 1025 Origenes
461 942 693 1018 Alexandriae,
707 942 777 1005 imo
798 949 872 1005 toto
888 943 980 1019 orbe,
999 941 1112 1004 clams
1132 940 1236 1005 habe-
1261 961 1274 1003 e

279 1053 354 1123 tur3
389 1044 538 1127 denique
575 1043 759 1121 Mammea,
786 1050 898 1108 mater
928 1042 1133 1118 Alexandri,
1162 1061 1238 1105 eum

279 1145 395 1209 audire
429 1145 573 1222 curavit,
604 1153 640 1209 et
668 1143 889 1209 Antiochiam
924 1144 1073 1208 accitum
1105 1163 1237 1208 summo

276 1245 546 1310 honorehabuit.
840 1314 843 1321 ,

320 1347 533 1412 Maximinus
546 1347 645 1411 annis
663 1363 721 1410 111.
754 1345 825 1410 Hic
837 1347 1001 1411 adversus
1014 1347 1237 1412 ecclesiamm

276 1450 473 1513 sacerdotes
497 1456 532 1512 et
556 1447 713 1525 clericos,
735 1447 771 1512 id
796 1455 861 1524 est,
884 1446 1051 1523 doctores,
1077 1467 1274 1532 persecu-m

276 1549 402 1614 tionem
416 1557 563 1625 exercet,
574 1549 724 1614 maxime
734 1555 875 1633 propter
885 1547 1116 1613 Christianam
1129 1549 1237 1614 Alex·

276 1651 373 1715 andri
399 1651 454 1716 cui
480 1659 705 1729 successerat,
736 1659 771 1715 et
800 1651 983 1714 Mammeae
1012 1652 1132 1715 matris
1162 1652 1236 1735 ejus

274 1750 451 1830 familiam,
470 1751 526 1816 vel
545 1750 719 1835 praecipue
737 1758 877 1836 propter
896 1750 1077 1832 Origenem
1097 1753 1236 1836 presby-

276 1859 394 1915 terum.
448 1851 640 1915 Pontianus
665 1860 700 1916 et
729 1852 915 1930 Antherus,
943 1851 1112 1916 Romanae
1141 1853 1237 1918 urbis

275 1953 442 2036 episcopi,
453 1953 616 2036 martyrio
628 1954 793 2030 coronati,
804 1953 884 2016 etin
897 1953 1094 2017 coemeterio
1106 1952 1235 2020 Calixti
1247 1974 1273 2018 u

276 2062 357 2118 sunt
373 2055 509 2136 sepulti.

319 2153 515 2219 Gordianus
545 2155 644 2219 annis
675 2173 727 2219 vr.
790 2155 904 2220 Julius
934 2156 1118 2220 Africanus
1148 2157 1236 2222 inter

276 2256 459 2339 scriptores
486 2255 741 2320 ecclesiasticos
771 2256 897 2320 nobilis
922 2256 1086 2329 habetur;
1115 2259 1234 2341 quiin

276 2356 464 2436 Chronicis,
480 2376 557 2438 quae
578 2357 793 2438 conscripsit,
807 2356 909 2422 refert
928 2378 966 2423 se
985 2358 1233 2425 Alexandriam

274 2477 467 2541 properare,
494 2456 656 2521 Heraclae
680 2457 841 2541 opinione
871 2459 1089 2524 celeberrima
1115 2481 1274 2545 provo-ao

275 2566 401 2636 catum,
410 2578 510 2641 quem
523 2565 556 2622 et
568 2558 603 2625 in
615 2558 741 2623 divinis
757 2561 836 2623 etin
848 2561 1094 2644 philosophicis
1109 2564 1233 2628 studiis

276 2667 379 2742 atque
403 2660 495 2723 omni
523 2659 724 2724 Graecorum
751 2660 907 2727 doctrina
930 2664 1234 2729 instructissimum

227 2771 229 2773 ’
274 2760 368 2826 fama
381 2761 585 2845 loqueretur.
631 2760 795 2843 Origenes
810 2763 846 2826 in
858 2762 1018 2829 Caesarea
1033 2764 1233 2830 Palaestinae

275 2862 491 2928 Theodomm
511 2871 735 2946 cognomento
755 2864 970 2947 Gregorinm,
985 2874 1020 2930 et
1033 2865 1234 2932 Athenodo-

275 2985 360 3042 rum,
372 2966 648 3030 adolescentulos
660 2966 795 3043 fratres,
807 2966 911 3032 Ponti
925 2975 1048 3049 postca
1060 2968 1233 3033 nobilissi-
1243 2988 1271 3034 ro

275 3084 348 3130 mos
365 3069 557 3150 episcopos
571 3067 689 3130 divina
703 3068 921 3150 philosophia
934 3069 1067 3133 imbuit.

318 3168 500 3252 Philippus
530 3188 605 3232 cum
636 3169 798 3252 Philippo
828 3169 899 3233 iilio
923 3170 1026 3240 annis
1048 3186 1115 3234 vu.
1163 3171 1233 3236 Hic

273 3270 402 3353 primus
421 3272 665 3352 imperatorum
685 3271 835 3334 omnium
850 3270 1065 3335 Christianus
1084 3270 1169 3353 fuit3
1191 3292 1232 3337 ac

272 3377 353 3451 post
382 3371 519 3433 tertium
546 3370 679 3451 imperii
709 3371 784 3454 ejus
814 3391 941 3435 annum
974 3371 1178 3438 millesimus
1210 3393 1232 3438 a

273 3471 468 3536 conditione
489 3470 611 3534 Rornae
635 3491 745 3535 annus
766 3472 926 3554 expletus
941 3481 1014 3555 est3
1035 3475 1086 3538 ita
1100 3477 1270 3558 magni-so

273 3571 347 3636 ficis
377 3571 468 3634 ludis
498 3572 764 3652 augustissimus
797 3575 945 3637 omnium
980 3576 1230 3658 praeteritorum

272 3672 326 3737 hic
351 3673 479 3738 natalis
502 3693 612 3736 annus
640 3693 661 3737 a
688 3673 884 3738 Christiano
912 3676 1115 3758 imperatore
1143 3679 1231 3743 cele·

271 3775 391 3838 bratus
415 3781 477 3837 est.
523 3773 687 3856 Origenes
707 3776 871 3840 adversus
893 3780 1064 3859 quendam
1090 3779 1229 3844 Celsum

272 3875 477 3957 Epicureum
510 3875 760 3957 philosophum,
790 3879 849 3960 qui
876 3887 996 3943 contra
1030 3899 1093 3944 nos
1122 3882 1228 3946 libros

271 3976 533 4057 conscripserat,
562 3984 641 4039 octo
670 3976 898 4042 voluminibus
927 3982 1123 4064 respondit3
1158 3984 1228 4066 qni,
1239 4002 1266 4046 as

270 4084 309 4140 ut
332 4079 481 4141 breviter
499 4078 621 4162 dicam,
641 4086 712 4142 tarn
738 4080 908 4144 scribendi
928 4083 1070 4148 sedulus
1090 4082 1167 4164 fuit,
1189 4093 1228 4149 ut
1324 4145 1327 4155 ,
