2850 4890
202 353 268 420 260
577 370 790 420 urruuurx.

203 537 329 598 namque
343 538 401 580 nou
415 519 569 599 intelligat,
583 522 690 581 vestris
704 521 883 581 orationibus
895 521 961 599 jam
975 527 1166 600 praesumtum

203 636 281 686 esse,
295 617 377 695 quod
391 617 479 677 etiam
495 638 547 698 per
560 638 607 677 me
621 617 740 678 creditis
755 617 795 678 ad
808 617 1010 698 implendum?
1054 617 1167 696 Magna

203 733 329 791 namque
354 735 422 774 cum
442 715 546 775 laetitia
571 716 690 796 suscepi
711 723 817 776 vestrae
842 715 974 775 caritatis
1001 715 1165 796 imperium.

203 809 322 869 Etenim
339 812 443 891 ingens
463 813 532 872 mihi
552 810 666 873 lucrum
680 823 728 873 est
748 821 837 893 atque
856 813 967 873 utilitas
982 812 1043 872 hoc
1059 813 1166 893 ipsum,

203 908 285 987 quod
300 910 449 981 recordor,
463 910 567 971 Sancti
585 910 751 970 cuthberti.
793 911 852 970 Est
866 910 1015 991 siquidem
1032 910 1164 990 perfecta
1189 927 1202 969 5

203 1006 253 1065 via
267 1007 305 1065 ad
320 1009 455 1068 virtutem
475 1009 556 1069 illum
575 1009 650 1070 scire
666 1009 733 1090 quis
751 1009 847 1068 fuerit.
889 1008 978 1079 Ideo,
995 1017 1030 1067 ut
1043 1009 1168 1068 breviter

203 1102 312 1174 dicam,
329 1107 427 1165 omnia
441 1127 507 1187 quae
521 1105 559 1166 de
574 1127 611 1166 eo
625 1127 721 1167 sermo
733 1104 886 1166 referenda
893 1107 1032 1185 jactavit,
1046 1105 1167 1175 credite,

204 1209 234 1260 et
254 1202 372 1261 minima
396 1223 451 1262 vos
477 1205 622 1264 aestimate
644 1203 682 1264 de
705 1204 840 1264 maximis
858 1204 990 1274 audisse,
1010 1224 1071 1262 nou
1092 1203 1168 1263 euim

204 1299 322 1377 ambigo
337 1319 391 1358 nec
405 1316 461 1359 vos
477 1302 607 1380 potuisse
623 1301 720 1360 omnia
734 1321 925 1379 cognoscere.

244 1401 300 1469 §a
324 1395 418 1474 Igitur
440 1396 544 1457 Vitam
566 1396 668 1457 Sancti
689 1396 845 1457 Cuthberti
865 1397 994 1457 scribere
1013 1395 1162 1469 exordiar,
1177 1414 1205 1459 10

204 1503 235 1552 et
256 1493 375 1572 qualem
398 1515 431 1554 se
453 1495 501 1555 vel
524 1506 592 1556 aute
616 1496 832 1576 episcopatum,
857 1495 905 1554 vel
925 1495 955 1553 iu
980 1495 1168 1576 episcopatu,

204 1592 348 1668 gesserit,
370 1593 506 1671 quamvis
528 1612 715 1673 nequaquam
740 1592 779 1652 ad
802 1612 903 1651 omues
923 1591 1002 1652 illius
1024 1594 1169 1671 potuerim

203 1690 355 1768 pervenire
378 1691 517 1759 virtutes;
541 1689 609 1749 ideo
631 1691 707 1749 euim
727 1710 774 1761 ea,
792 1691 820 1749 in
843 1690 950 1771 quihus
971 1691 1037 1770 ipse
1056 1697 1171 1750 tantum

204 1787 260 1845 sibi
278 1789 416 1847 conscius
431 1787 497 1859 suit,
520 1788 699 1859 nesciuntur,
722 1790 793 1866 quia
809 1787 925 1848 laudem
943 1788 983 1847 ab
1002 1789 1169 1850 homiuibus

203 1903 262 1942 uon
277 1886 440 1964 requirens,
456 1892 596 1965 quantum
615 1885 644 1943 iu
666 1885 731 1964 ipso
750 1883 816 1955 tuit,
833 1905 934 1944 omues
952 1887 1079 1948 virtutes
1097 1908 1168 1948 suas
1178 1904 1206 1948 lt

203 1981 294 2041 latere
319 1982 471 2043 voluisset.
515 1983 705 2061 Quamquam
728 1983 816 2041 etiam
844 2003 883 2041 ex
907 1983 966 2054 his,
991 2006 1061 2066 quae
1083 1987 1170 2047 uobis

204 2087 356 2156 comperta
369 2089 461 2149 erant,
473 2079 557 2159 plura
567 2080 730 2150 omisimus,
744 2080 814 2158 quia
828 2078 962 2140 sufficere
977 2083 1170 2156 credidimus,

204 2177 230 2235 si
257 2184 369 2235 tautum
397 2177 608 2236 excellentiora
635 2184 814 2249 notarentur,
836 2178 921 2238 simui
950 2188 981 2238 et
1002 2177 1170 2258 legentibus

205 2274 417 2334 consulendum
438 2274 504 2344 fuit,
526 2296 563 2335 ue
584 2275 664 2352 quod
685 2276 750 2335 aliis
774 2285 890 2357 pararet
917 2277 1005 2356 copia
1025 2290 1171 2358 congesta

203 2372 364 2432 fastidium.
409 2373 546 2432 Obsecro
560 2374 661 2452 itaque
675 2394 739 2444 eos,
753 2375 804 2453 qui
818 2374 922 2433 lecturi
937 2383 1016 2445 suut,
1032 2385 1065 2436 ut
1079 2376 1168 2438 fidem
1178 2393 1207 2439 2⁰

205 2471 293 2530 dictis
317 2469 488 2541 adhibeant,
513 2492 609 2550 neque
636 2491 683 2529 me
707 2471 880 2550 quidquam,
902 2472 956 2531 uisi
980 2473 1064 2552 quod
1088 2496 1169 2535 com-

205 2577 319 2650 pertum
345 2577 376 2627 et
397 2569 553 2646 probatum
578 2569 627 2638 sit,
649 2568 803 2646 scripsisse
825 2569 999 2629 arbitrentur
1006 2591 1015 2640 ;
1037 2571 1169 2653 alioquin

205 2677 304 2728 tacere
319 2685 404 2746 quam
421 2665 518 2724 dicere
533 2664 610 2725 falsa
626 2664 806 2724 maluissem.
848 2664 963 2725 Verum
977 2670 1119 2747 quoniam
1131 2669 1171 2730 ad

206 2765 334 2824 omnium
349 2783 469 2843 operum
489 2765 554 2841 ejus
574 2782 724 2822 numerum
738 2783 793 2822 nec
808 2762 905 2823 littera
919 2785 974 2824 nec
990 2786 1089 2827 sermo
1103 2789 1169 2849 pro-

206 2862 296 2922 ficere
310 2869 419 2941 potest,
434 2858 473 2919 ad
487 2879 524 2919 ca
537 2879 604 2940 quae
620 2867 705 2938 gesta
718 2868 798 2931 suut,
812 2861 1001 2924 accedamus.
1178 2882 1207 2927 25

243 3177 263 3206 ¹⁰
279 3172 381 3245 Igitur]
418 3177 488 3225 Here
506 3175 667 3225 commenced
703 3179 729 3222 tc
752 3174 838 3223 which
863 3189 919 3223 was
942 3175 985 3224 the
1011 3177 1078 3243 title,
1104 3180 1166 3230 ‘De

208 3249 252 3298 the
273 3249 331 3297 MS.
346 3248 411 3297 frum
429 3249 535 3310 Treves,
554 3247 667 3309 prefixed
702 3245 851 3307 praefatione
863 3246 1011 3296 scribendi!
