2850 4890
250 340 316 405 298
622 357 835 406 sernunrx.
922 368 925 373 ·

75 520 224 572 A.1),sos.
248 525 343 565 rerum
363 506 537 586 pervasione
554 506 822 566 ecclesiasticarum
837 509 901 586 jem
915 514 944 566 te
958 505 1118 575 cohibeas3
1139 525 1207 565 uorn

249 594 273 651 si
289 593 352 652 baec
366 592 477 651 monita
491 593 648 672 spreveris,
662 593 758 673 ipsum
772 592 1061 653 confessoremsuas
1076 612 1207 652 suorum-

248 698 306 757 que
328 678 448 756 iujurias
472 698 524 757 per
543 687 572 737 te
592 679 738 756 irrogatas
760 679 887 757 graviter
902 678 1121 739 vindicaturum
1142 698 1208 737 esse

247 783 305 821 non
317 762 455 823 dubites!
496 763 543 822 At
553 763 602 823 ille
611 774 715 824 contra
724 766 788 825 haec
799 764 948 825 diabolico
962 765 1065 844 spiritu
1077 762 1206 833 inflatus,

248 848 377 917 ‘Quid'
401 849 504 928 inquit,
533 849 650 928 ‘hujus
677 850 801 910 hominis
825 851 931 910 mortui
955 852 1051 909 minas
1077 848 1241 929 quotidiet

248 934 317 992 mibi
339 934 489 1013 objicitis?
531 934 614 1000 Quid
632 943 735 995 conba
755 936 905 994 merobis
923 936 1036 995 valebit
1054 936 1159 1015 ipsius,
1177 934 1205 992 in

248 1039 308 1097 quo
323 1020 459 1099 speratis,
474 1019 635 1079 auxilium?
671 1020 802 1081 Deorum
817 1040 946 1082 meorum
959 1021 1124 1102 potentiam
1139 1039 1207 1080 con·

248 1113 351 1173 testor,
366 1105 446 1184 quod
462 1115 521 1165 tum
540 1106 597 1185 ipsi
616 1114 741 1177 mortuo,
759 1126 847 1185 quern
861 1108 946 1168 vobis
960 1107 1109 1177 omnibus,
1123 1105 1205 1166 dein·

249 1209 320 1270 ceps
335 1191 552 1251 inimicissimus
571 1192 643 1252 erc!
684 1195 731 1252 At
746 1193 904 1274 episcopus
923 1212 1087 1272 omnesque
1105 1191 1208 1250 fratres

249 1277 278 1334 in
293 1286 398 1336 terram
413 1278 561 1356 prostrati,
579 1297 598 1336 a
616 1277 732 1338 Decet
752 1287 857 1338 sancto
872 1277 1044 1338 confessore
1065 1277 1242 1356 superbaslo

249 1361 327 1421 illius
354 1362 449 1421 minas
477 1361 623 1421 adnullari
651 1362 832 1441 flagitabant.
878 1363 948 1424 Jam
974 1363 1064 1422 miser
1091 1363 1142 1421 ille
1170 1361 1207 1421 od

249 1447 357 1506 ostium
374 1456 505 1517 venerat,
522 1450 586 1526 jam
609 1447 732 1507 alterurn
750 1449 826 1508 intra
848 1448 948 1520 limen,
968 1449 1092 1508 alterum
1112 1445 1206 1518 eitra,

248 1532 355 1611 pedem
379 1543 529 1611 posuerat,
557 1540 587 1591 et
614 1533 655 1592 ibi
681 1540 822 1614 tauquam
849 1534 943 1594 cleris
969 1553 1022 1614 per
1051 1540 1206 1613 utrumque

248 1616 355 1697 pedem
379 1617 526 1689 confixus,
555 1638 610 1678 nec
634 1618 746 1696 egredi,
773 1638 830 1679 nec
853 1618 968 1698 regredi
996 1618 1125 1692 valebat,
1155 1616 1207 1677 sed

247 1703 406 1762 immobilis
420 1705 461 1763 ibi
477 1724 596 1784 prorsus
613 1705 761 1766 manebat.
804 1705 867 1764 Ubi
884 1704 995 1763 diutius
1011 1711 1119 1774 tortus,
1135 1703 1206 1763 bea-
1216 1719 1242 1762 m

249 1788 355 1847 tissimi
368 1789 546 1849 confessoris
561 1791 749 1850 sanctitatem
766 1789 863 1869 palam
881 1789 1090 1859 confitebetur,
1105 1789 1208 1868 sicque

249 1874 368 1952 impiam
393 1875 518 1934 animam
544 1875 649 1935 eodem
672 1876 700 1933 in
725 1875 794 1934 loco
817 1876 941 1935 reddere
965 1874 1207 1954 compellebatur.

249 1958 320 2024 Quo
339 1959 477 2038 exemplo
495 1960 544 2019 alii
566 1979 669 2020 omues
687 1961 846 2031 conterriti,
868 1980 964 2041 neque
986 1968 1091 2029 terras,
1113 1979 1208 2038 neque

248 2042 328 2101 aliud
342 2044 425 2121 quid,
439 2046 520 2124 quod
535 2046 672 2107 ecclesiae
681 2049 750 2126 jure
764 2047 963 2127 competebat,
978 2064 1102 2126 quoquo
1118 2045 1207 2106 modo

249 2127 370 2188 ulterius
383 2131 543 2210 pervadere
558 2142 794 2212 praesumserunt.
1216 2145 1244 2191 nt

517 2471 672 2532 CAPUT
694 2472 937 2540 QUARTUM.

247 2645 323 2713 §lb
349 2641 542 2702 Dnnuncno
568 2649 665 2702 autem
690 2642 872 2713 Cutheardo,
897 2663 965 2702 curn
984 2644 1048 2721 jarn
1071 2645 1204 2722 quintum

83 2772 106 2799 ,e
123 2773 140 2800 ,,
247 2725 394 2785 decimum
410 2747 465 2786 suo
482 2728 510 2786 in
530 2728 705 2807 episcopatu
721 2738 821 2807 ageret
834 2749 951 2798 anuum,
966 2729 1146 2788 substitutus
1161 2737 1208 2789 est

246 2811 285 2871 ad
304 2812 441 2872 ecclesiae
460 2814 590 2892 regimen
607 2815 693 2874 bonae
707 2816 832 2874 actionis
851 2814 894 2874 vir
914 2813 1063 2874 Tilredus.
1109 2814 1206 2894 Cujus

246 2897 435 2976 pontificatus
452 2900 577 2978 septimo
595 2919 683 2969 anuo,
701 2898 850 2959 Edwardo
868 2919 937 2977 rege
955 2899 1106 2970 defuncto,
1124 2899 1243 2961 filiusnt

246 2986 312 3061 ejus
331 2982 520 3044 Ethelstanus
535 2994 675 3064 suscepta
688 2986 770 3063 regni
784 2985 982 3063 gubernacula
993 2984 1205 3064 gloriosissime

245 3070 331 3139 rexit,
353 3070 522 3149 primusque
545 3090 644 3149 regum
670 3072 762 3130 totius
784 3071 946 3130 Britannia
964 3090 1205 3151 quaquaversum

245 3152 371 3233 adeptus
395 3163 442 3214 est
465 3157 628 3235 imperium,
653 3155 813 3234 adjuvante
837 3165 926 3236 atque
950 3157 1125 3236 impetrante
1146 3157 1205 3216 hoc

245 3238 325 3318 apud
361 3237 460 3298 Deum
488 3243 575 3300 beato
604 3241 780 3311 cuthberto,
807 3243 858 3321 qui
882 3261 940 3301 ovo
967 3243 1046 3301 illins
1080 3242 1204 3302 Ellredo

245 3323 396 3403 quondam
415 3345 558 3404 apparens
577 3328 762 3406 promiserat,
779 3334 788 3360 ⁶
804 3327 931 3396 Totins,'
948 3327 1095 3407 iuquiens,
1112 3335 1121 3362 ‘
1138 3328 1243 3387 Bri-to

244 3411 352 3468 tanniae
389 3430 510 3488 regnum
544 3411 612 3471 filiis
642 3413 712 3482 tuis,
740 3432 787 3471 me
814 3413 998 3492 impetrante,
1026 3411 1206 3472 concedetur

245 3493 482 3573 disponendum!
524 3497 660 3577 Denique
676 3498 745 3557 hnic
761 3498 935 3558 Ethelstano
951 3505 1032 3578 pater
1046 3499 1204 3558 moriturus

153 3577 155 3583 '
245 3580 383 3639 universa
394 3581 536 3661 replicare
552 3584 650 3662 coepit,
667 3604 734 3663 quae
748 3592 779 3643 et
791 3592 903 3664 quanta
918 3604 973 3644 suo
991 3584 1066 3663 patri
1086 3585 1204 3664 pietatis

244 3665 389 3725 beneficia
405 3668 510 3726 beatus
531 3667 713 3729 Cutbbertus
732 3669 917 3750 impenderit,
935 3669 1060 3750 qualiter
1077 3689 1115 3728 ex
1139 3669 1205 3729 lati-

278 3973 297 4003 ²⁴
315 3971 445 4046 Tilredns.]
465 3979 611 4028 mommo.
622 3982 705 4028 915to
741 3994 821 4040 error,
842 3994 871 4028 nr
890 3981 917 4028 in
936 3980 980 4029 the
1003 3980 1159 4029 calculation
1179 3982 1208 4031 oi

243 4049 300 4094 928.
741 4049 784 4098 the
804 4050 963 4112 pontificales
980 4051 1009 4099 of
1023 4051 1156 4101 Cutheard
1175 4067 1204 4102 or

277 4113 296 4142 ²⁵
313 4115 472 4180 Pontificatus
496 4117 593 4179 septimo
618 4113 702 4186 cnm]
740 4117 840 4176 Tilred,
860 4119 899 4169 ior
920 4122 1032 4171 Edward
1053 4122 1097 4171 the
1122 4124 1204 4172 Elder

243 4185 313 4234 Here
334 4185 405 4235 there
429 4189 451 4235 is
472 4203 488 4237 a
509 4188 703 4251 chronological
740 4191 800 4240 died
813 4192 840 4239 in
852 4195 911 4240 924.
