2850 4890
572 940 706 987 INCIPIT
730 941 836 988 LIBER

235 1143 300 1208 DE
318 1143 597 1212 MIRACULIS
613 1145 796 1213 SANGTI
815 1145 1180 1212 CUTHBERCHTI

576 1341 846 1401 EPISCOPI.

289 1691 428 1756 Munus
445 1693 519 1756 suis
536 1692 708 1758 Dominus
725 1693 916 1776 fulgescere
932 1693 1064 1757 lumina
1081 1694 1182 1758 seclis

207 1792 402 1869 sDonavit,
420 1794 562 1858 tetricas
579 1793 739 1858 humanae
758 1796 870 1859 noctis
887 1802 926 1858 ut
944 1795 1084 1859 umbras

236 1892 419 1958 Lustraret
436 1894 554 1958 divina
571 1896 642 1978 poli
659 1895 701 1958 de
716 1895 864 1959 culmine
881 1895 1030 1960 flamma.

236 1994 282 2058 Et
299 1995 380 2058 licet
396 1995 472 2078 ipse
490 1995 567 2061 Deo
584 2002 688 2060 natus
706 1996 749 2060 de
766 1995 894 2061 lumine
913 1996 1073 2061 Christus

236 2094 316 2158 Lux
342 2096 389 2159 sit
413 2115 560 2174 summa,
578 2097 675 2162 Deus
702 2104 841 2161 sanctos
867 2116 1006 2181 quoque
1023 2096 1103 2179 jure
1129 2093 1182 2156 lu·

386 2216 498 2260 cernae

192 2315 223 2361 10
238 2295 404 2360 Ecclesiae
421 2297 564 2361 rutilare
581 2296 687 2378 dedit,
705 2299 831 2382 quibus
848 2299 929 2380 igne
945 2297 1113 2379 magistro

238 2396 403 2461 Sensibus
419 2398 526 2464 instet
543 2418 650 2476 amor,
668 2399 883 2463 sermonibus
900 2403 1028 2461 aestuat
1046 2396 1159 2472 ardor,

239 2497 434 2563 Multifidos
451 2500 586 2563 varium
601 2499 745 2584 lychnos
763 2501 824 2583 qui
840 2499 969 2583 sparsit
985 2499 1022 2561 in
1039 2498 1168 2561 orbem.

240 2598 290 2662 Ut
306 2605 469 2662 cunctum
486 2619 578 2664 nova
593 2599 657 2664 lux
674 2600 754 2664 fidei
771 2599 846 2663 face
863 2598 941 2663 fusa
959 2599 1023 2661 sub
1041 2617 1143 2661 axem

240 2697 366 2763 Omnia
382 2700 525 2764 sidereis
542 2701 730 2766 virtutibus
747 2720 833 2765 arva
849 2700 1008 2782 repleret.

194 2823 224 2868 rs
289 2799 405 2865 Roma
422 2800 520 2865 Petri
538 2799 710 2885 Paulique
722 2801 829 2885 jubar
845 2801 971 2863 mirata
987 2798 1171 2881 gemellum

240 2899 380 2966 Gaudet
397 2901 598 2984 apostolicis
615 2922 751 2985 semper
767 2903 903 2966 victura
919 2899 1097 2983 trophaeis.

240 2989 308 3067 Ast
325 3000 422 3066 Asiae
437 3003 549 3066 lucem
565 3004 662 3067 verbi
679 3003 764 3066 serit
780 3022 840 3066 ore
859 3000 881 3065 J
884 3000 1049 3078 ohannes,

242 3101 421 3168 Hauserat
437 3104 610 3168 eDomini
621 3124 700 3187 quae
711 3111 851 3187 pectore
868 3102 1016 3186 mystica
1032 3106 1183 3164 ructans·

240 3203 506 3269 Bartholomeus
524 3224 588 3268 eoa
604 3204 701 3269 volat
718 3224 779 3287 per
795 3223 904 3286 regna
921 3201 1150 3286 triumphans,

195 3326 227 3371 ao
241 3304 502 3388 Indomitosque
518 3306 623 3369 armis
641 3306 762 3387 lingua
779 3306 897 3369 domat
913 3304 1053 3368 inclitus
1066 3302 1184 3367 Indos

240 3405 296 3469 Tu
314 3425 451 3489 quoque
469 3406 628 3471 Niliacos
643 3425 864 3490 componens,
883 3405 1014 3482 Marce,
1032 3404 1165 3467 furores

240 3505 340 3570 Sicca
356 3507 566 3590 evangelicis
583 3508 692 3571 satias
709 3507 751 3570 de
768 3507 917 3572 nubibus
935 3524 1028 3570 arva.

241 3604 372 3671 Affrioa
389 3606 555 3691 Cypriani
571 3607 673 3672 dictis
690 3608 889 3691 meritisque
906 3605 1067 3688 refulget,

241 3707 410 3790 Spernere
427 3708 569 3774 delicias
586 3709 664 3773 fuso
682 3709 742 3792 qui
760 3708 929 3791 sanguine
946 3708 1069 3772 suasit.

196 3824 227 3869 25
241 3807 398 3874 Pictavis
416 3807 555 3874 Hilario
573 3811 720 3874 multum
737 3809 874 3874 radiata
891 3809 1058 3890 magistro

276 4067 296 4099 ¹³
308 4070 427 4118 Curictum
440 4106 446 4120 .
460 4106 466 4120 .
481 4071 590 4134 .oxem.]
603 4069 701 4120 Cuncto
764 4066 782 4095 ¹⁸
799 4069 882 4132 Qua]
901 4069 963 4129 Qui,
975 4068 1012 4117 H.

242 4156 358 4204 ...axe,
373 4141 401 4190 G.
762 4137 913 4202 2⁰longua]
930 4139 1047 4201 Linguae,
1061 4140 1089 4189 G.

1039 4239 1086 4284 u2
