2850 4890
620 374 833 422 APPENDIX.

576 711 777 772 NUMBER
799 713 877 775 IV¹.
921 733 926 741 ·

302 877 440 945 anrors
456 877 667 944 Messanensis
682 883 818 967 episcopi
833 882 878 944 ad
892 880 928 945 S.
950 880 1145 967 Greqoriunr.

249 1050 421 1113 ΒοΜΙΝοΩ
435 1056 606 1114 beatissimo
617 1064 647 1114 et
660 1056 833 1125 honorabili,
849 1065 953 1116 sancto
969 1057 1043 1135 patri
1058 1056 1202 1133 Gregorio

247 1159 343 1218 papae,
360 1140 456 1210 Felix,
472 1150 578 1200 vestroe
598 1143 701 1200 salutis
718 1161 755 1200 ac
773 1143 939 1203 sanctitatis
957 1152 1079 1202 amator.
1124 1143 1204 1201 Bes-

219 1225 372 1284 otissimae
393 1237 498 1285 vestroe
522 1227 626 1287 salutis
651 1247 688 1286 ac
709 1228 874 1286 sanctitatis
890 1232 971 1309 jura,
993 1249 1082 1307 penes
1105 1227 1203 1288 Deum

248 1319 319 1369 sunt
333 1310 497 1371 manifesta.
543 1313 623 1371 Dum
639 1313 896 1393 praedicationibus
908 1314 1021 1373 scilicet
1033 1315 1204 1393 apostolicis

157 1465 160 1471 .
249 1405 279 1453 et
293 1395 445 1466 doctrinis,
461 1418 538 1456 verre
553 1397 623 1458 fidei
638 1398 761 1470 cultura,
777 1401 914 1459 universa
931 1401 1043 1479 repleta
1057 1401 1095 1459 sit
1109 1408 1202 1468 terra;

248 1501 299 1560 per
321 1481 482 1541 divinorum
504 1491 602 1543 tamen
622 1483 813 1543 eruditionem
832 1484 1024 1564 eloquiorum,
1040 1492 1141 1544 vestra
1162 1486 1204 1543 iu-

250 1577 379 1626 struente
398 1568 595 1628 admonitione
613 1570 823 1639 exhortatoria,
839 1569 1090 1650 superaedificatur
1103 1571 1202 1629 ortho-

206 1667 239 1711 ιο
250 1652 330 1711 doxa
344 1652 455 1712 Christi
469 1655 606 1724 ecclesia,
622 1657 786 1735 apostolica
800 1656 981 1716 institutione
998 1655 1122 1715 fundata
1136 1665 1166 1714 et
1187 1676 1205 1714 a

251 1737 390 1798 fidelibus
402 1741 534 1819 patribus
548 1740 712 1800 firmissime
727 1742 874 1802 roborata.
918 1741 973 1800 Ad
991 1762 1079 1820 quam
1093 1742 1204 1800 beatis-

250 1825 316 1882 simi
335 1844 435 1884 omnes
458 1826 586 1904 apostoli
607 1828 670 1906 pari
690 1827 808 1886 honoris
831 1835 861 1885 et
880 1829 1034 1906 potestatis
1056 1828 1205 1887 consortio

248 1909 373 1988 praediti,
399 1911 575 1989 populorum
599 1913 717 1990 agmina
737 1921 954 1982 convertentes,
974 1913 1021 1992 pie
1043 1921 1205 1992 sancteque

249 1994 287 2053 de
301 1996 428 2055 tenebris
443 1995 482 2055 ad
496 1997 605 2067 lumen,
622 1998 660 2057 de
674 1999 760 2078 lapsu
775 1998 812 2056 ad
829 2019 928 2057 veram
942 1997 1043 2069 fidem,
1058 1999 1096 2060 de
1110 2008 1202 2059 morte

250 2319 323 2366 vobis
347 2319 460 2379 gentium
485 2319 609 2380 regimine
634 2320 712 2367 susti·
746 2319 941 2377 transmisimus,
958 2318 1076 2366 habeatis
1091 2318 1207 2379 peculia·

250 2390 325 2450 netis,
338 2390 461 2437 exsistere
475 2404 519 2437 vos
532 2390 557 2436 in
571 2403 651 2438 causa
663 2390 712 2438 Dei
746 2390 808 2438 riter
820 2389 1017 2438 commendatos.
1039 2388 1073 2435 Et
1080 2388 1206 2449 quidquid

250 2457 428 2508 laborantibus
449 2459 590 2520 adjutores,
611 2460 712 2508 eximiae
745 2458 785 2507 illi
803 2464 861 2508 ante
879 2458 1041 2519 exhibuistis,
1054 2459 1095 2506 his
1106 2472 1206 2519 quoque

251 2530 338 2578 laudis
358 2535 384 2578 et
401 2543 500 2591 magnae
520 2530 646 2578 mercedis
665 2535 713 2578 est.
746 2530 778 2578 ad
793 2530 880 2578 laudis
895 2534 986 2578 vestrae
999 2528 1128 2577 cumulum
1142 2528 1205 2576 ube-

251 2600 287 2648 Et
303 2601 364 2661 quia
381 2601 446 2648 tales
463 2614 510 2648 vos
524 2601 599 2648 bonis
617 2615 713 2661 praece-
746 2600 800 2648 rius
812 2600 981 2661 impendatis;
998 2598 1206 2660 quatenusdnm,

250 2669 372 2719 dentibus
390 2671 548 2732 ostendistis,
566 2675 596 2719 ut
615 2685 713 2731 praesu-
745 2671 818 2719 vobis
855 2670 1058 2732 providentibus,
1094 2673 1206 2729 coeptum

250 2754 319 2789 ruere
331 2741 364 2789 de
376 2741 449 2789 vobis
461 2741 713 2802 meliorapossimus,
746 2742 801 2789 sinc
821 2755 891 2789 mora
910 2741 959 2790 iter
975 2739 1142 2800 expleverint,
1161 2739 1207 2787 bo·

250 2817 338 2871 petere
353 2826 411 2872 quae
431 2826 478 2872 pro
496 2812 612 2860 mercede
628 2817 713 2861 vestra
746 2826 835 2859 norum
870 2816 1011 2859 vestrorum
1048 2810 1207 2870 omnipotens

250 2886 320 2941 sunt,
344 2882 513 2930 libentissime
537 2897 712 2942 provocamur.
747 2882 818 2930 Deus
854 2885 1058 2942 recompensator
1087 2880 1206 2943 exsistat,

251 2952 364 3002 Quidam
384 2953 472 3014 igitur,
495 2953 540 3012 qui
561 2967 618 3000 cum
640 2967 713 3001 reve·
745 2957 821 3012 atque
833 2953 904 3000 vobis
920 2956 947 3000 et
961 2951 986 2999 in
1002 2950 1133 3012 prosperis
1145 2965 1205 2998 cus-

251 3024 402 3072 rendissimo
422 3022 500 3070 fratre
519 3026 546 3072 et
561 3024 713 3084 coepiscopo
746 3027 794 3084 tos,
807 3026 833 3071 et
849 3023 874 3070 in
894 3021 1095 3070 adversitatibus
1110 3021 1145 3068 sit
1159 3021 1206 3068 ad-

250 3101 337 3142 nostro
355 3093 503 3155 Augustino
518 3093 550 3142 ad
569 3093 712 3155 Anglorum
741 3089 830 3154 jutor.'
863 3095 914 3154 Ep.
927 3092 972 3140 lxi.

251 3169 351 3223 gentem
361 3169 537 3226 perrexerant,
546 3168 712 3225 revertentes,

250 3237 346 3294 quauta
358 3235 475 3283 eumdem
487 3233 592 3282 fratrem
600 3237 711 3282 nostrum
781 3230 788 3260 ¹
802 3229 868 3281 This
879 3232 929 3281 and
940 3231 984 3281 the
995 3231 1129 3291 following
1139 3230 1206 3292 epis·

251 3305 407 3354 excellentia
426 3309 512 3353 vestra
529 3305 555 3352 in
578 3305 713 3365 praesentia
746 3303 780 3352 tle
798 3303 863 3352 have
878 3303 1008 3352 reference
1023 3307 1050 3350 to
1065 3301 1108 3350 the
1124 3302 1207 3350 direc-

251 3376 372 3437 positum,
380 3376 487 3424 caritate
496 3374 623 3435 refecerit,
631 3389 712 3436 quan·
745 3374 810 3421 tione
826 3373 911 3423 which
929 3371 1076 3435 Augustius
1088 3372 1208 3421 received

251 3445 335 3507 tisque
359 3446 489 3506 suffragiis
514 3446 712 3506 proficiscentem
745 3443 809 3492 from
822 3443 939 3505 Gregory
955 3443 1004 3509 (H.
1018 3445 1049 3492 E.
1062 3456 1080 3493 1.
1093 3439 1205 3507 xxvii.§

251 3516 390 3577 adjuverit,
419 3521 597 3564 narraverunt.
662 3517 713 3564 Sed
745 3511 800 3577 63),
818 3515 963 3576 respecting
978 3513 1021 3562 the
1037 3513 1164 3574 marriage
1181 3511 1210 3560 of

251 3587 314 3646 quia
333 3587 436 3634 illorum
456 3587 511 3633 Deo
527 3597 615 3634 nostro
635 3600 714 3647 opera
745 3585 874 3635 relatives.
900 3583 1085 3646 Felix,bishop
1098 3583 1127 3631 of
1136 3584 1208 3630 Mes-

252 3662 326 3716 grata
342 3662 402 3704 sunt
416 3669 525 3718 semper,
539 3656 583 3718 qui
599 3672 616 3705 a
631 3657 714 3719 bonis,
746 3669 818 3715 sana,
838 3656 979 3716 imagining
1000 3655 1056 3703 that
1073 3659 1116 3701 too
1134 3656 1208 3713 great

252 3740 308 3786 quae
332 3728 466 3788 coeperint,
490 3741 540 3774 non
571 3727 713 3788 recedunt;
745 3727 828 3787 laxity
849 3726 901 3775 had
931 3726 996 3774 been
1017 3723 1152 3786 permitted
1181 3722 1208 3770 in

252 3802 359 3858 paterno
373 3797 466 3846 affectu
479 3797 631 3857 salutantes,
646 3798 714 3858 peti·
746 3796 817 3844 these
837 3797 1012 3856 instructions,
1026 3793 1167 3843 addressed
1180 3797 1206 3840 to

252 3880 319 3926 mus,
343 3871 374 3916 ut
393 3868 529 3916 monachos
549 3868 713 3928 praesentium
746 3865 864 3928 Gregory
885 3866 927 3915 tho
948 3867 1025 3914 letter
1043 3863 1072 3912 os
1088 3867 1211 3924 expostu-

252 3937 398 3999 portitores‚
421 3953 486 4000 quos
507 3938 540 3986 ad
564 3939 714 3999 praedictum
745 3937 835 3997 latior,
846 3938 921 3998 given
931 3937 1020 3996 above,
1028 3934 1078 3983 aad
1089 3932 1207 3982 received

253 4007 358 4057 fratrem
369 4013 551 4070 nostrum‚una
563 4023 621 4058 curn
633 4009 715 4057 dilec-
747 4008 772 4055 in
793 4022 894 4056 answer
915 4005 972 4055 that
989 4007 1023 4067 by
1043 4004 1127 4053 which
1145 4004 1166 4051 it
1184 4003 1206 4051 is

253 4078 359 4126 tissimis
380 4079 439 4128 tiliis
462 4080 555 4127 nostris
576 4079 715 4127 Laurentio
746 4077 876 4126 followed.

174 4162 178 4171 ·
253 4150 404 4210 presbytero
432 4155 459 4197 et
488 4149 591 4198 Mellito
613 4150 715 4212 abbate,
781 4145 865 4198 'Lib
878 4160 934 4199 xrv.
947 4160 988 4207 ep.
1000 4145 1054 4194 xvi.
