2850 4890
261 323 326 390 180
456 343 544 392 vsu.
561 343 670 392 sunu
687 343 1026 408 cannamomum

67 517 240 610 „ampsagam
264 503 373 586 pavit.
428 504 585 570 Narseus
617 525 678 570 rex
712 505 895 570 Persarum
932 503 1055 570 orienti
1095 503 1218 568 bellum

76 597 151 674 rasa
185 595 249 673 sors
264 606 391 669 intulit.
449 606 764 690 Quinquegentiani
802 607 954 671 Africam
985 611 1218 671 vastaverunt.

266 707 454 791 AEgyptum
477 707 653 772 Achilleus
677 709 846 788 obtinuit3
869 709 914 773 ob
937 707 1028 791 quod
1051 704 1220 770 Constan-

267 809 336 871 tius
351 815 385 872 et
400 807 560 872 Galerius
577 807 810 874 Maximianus
826 809 982 875 caesares
1000 813 1221 872 assumuntur

267 908 303 970 in
316 928 465 991 regnum.
503 910 728 975 Constantius
738 913 928 994 privignam
943 908 1101 975 Herculii
1116 908 1225 971 Theo·
1245 926 1258 968 t

268 1010 384 1074 doram
405 1013 549 1095 accepit,
564 1031 609 1075 ex
624 1032 694 1094 qua
709 1021 832 1094 postea
851 1029 888 1074 vr
910 998 1036 1076 liberos
1053 1009 1222 1075 Constan-

270 1112 333 1175 tini
361 1112 483 1177 sratres
511 1112 650 1191 habuit3
686 1112 844 1178 Galerius
876 1113 982 1177 filiam
1012 1109 1222 1175 Diocletiani

269 1212 455 1278 Valeriam.
500 1213 586 1278 Post
601 1229 628 1276 x
644 1233 753 1278 annos
764 1231 826 1296 per
838 1213 1126 1295 Asclepiodotum
1139 1228 1223 1293 prae·

270 1313 394 1378 fectum
422 1314 589 1379 Praetorio
614 1314 793 1379 Brittaniae
821 1322 978 1398 receptae.
1024 1312 1171 1377 Decimo
1191 1319 1224 1375 et

271 1435 361 1478 nono
388 1436 478 1480 anno
499 1417 719 1495 Diocletiani,
742 1418 817 1499 ipse
836 1416 873 1479 in
892 1416 1034 1493 oriente,
1063 1413 1261 1477 Maximi-ro

272 1536 359 1580 auus
388 1517 572 1582 Herculius
601 1520 636 1582 in
664 1519 851 1596 occidente,
883 1517 1015 1582 vastari
1051 1515 1226 1588 ecclesias,

272 1617 387 1698 affligi,
398 1618 611 1701 interficique
622 1618 838 1683 Christianos
848 1618 1064 1701 praecipiunt.
1098 1615 1225 1680 Secun-

272 1718 317 1780 do
338 1725 452 1782 autem
473 1721 721 1803 persecutionis
742 1740 842 1798 anno,
860 1719 1102 1784 Diocletianus
1122 1717 1226 1781 Nico-

272 1819 405 1895 mediae,
421 1817 657 1884 Maximianus
673 1819 862 1885 Mediolani
877 1839 1066 1904 purpuram
1080 1819 1225 1903 deposu-

273 1926 392 2001 erunt;
415 1928 566 1986 attamen
590 1930 707 2003 coepta
726 1924 830 1987 semel
850 1920 1044 2005 persecutio
1058 1939 1170 2002 usque
1184 1919 1226 1983 ad
1237 1935 1263 1980 1⁵

163 2089 167 2096 ,
273 2022 455 2102 septimum
477 2021 695 2087 Constantini
717 2043 844 2088 annum
863 2023 991 2087 fervere
1009 2039 1079 2084 non
1101 2026 1225 2084 cessat

275 2122 501 2188 Constantius
526 2124 657 2188 decimo
684 2136 784 2188 sexto
808 2124 940 2205 imperii
963 2140 1066 2200 anno,
1086 2140 1227 2186 summae

274 2225 547 2290 mansuetudinis
568 2232 603 2288 et
622 2226 801 2290 civilitatis
814 2226 877 2303 vir,
890 2226 926 2288 in
947 2222 1120 2287 Brittania
1140 2221 1228 2286 diem

275 2326 360 2390 obiit
388 2325 545 2390 Eburaci.
591 2326 679 2390 Haec
708 2327 902 2408 persecutio
927 2334 999 2390 tam
1021 2323 1169 2388 crudelis
1195 2329 1230 2386 et

276 2428 393 2491 crebra
404 2427 582 2510 flagrabat,
592 2436 631 2490 ut
641 2428 731 2491 iutra
743 2447 848 2491 unum
859 2446 1010 2492 mensem
1023 2440 1107 2487 xvu
1120 2423 1230 2486 millia
1239 2439 1269 2485 ao
1295 2413 1296 2416 '

276 2541 460 2616 martyrum
475 2551 536 2615 pro
554 2532 692 2595 Christo
711 2551 818 2614 passa
836 2531 1074 2607 inveniantur3
1097 2547 1179 2592 nam
1196 2533 1231 2591 et

277 2634 397 2697 oceani
417 2634 558 2696 limbum
585 2641 809 2715 transgressa,
834 2632 1019 2709 Albanum,
1042 2629 1174 2707 A'aron,
1196 2636 1231 2693 et

276 2736 299 2800 J
302 2737 407 2800 ulium
419 2735 611 2811 Brittaniae,
624 2755 701 2799 cum
714 2735 792 2799 aliis
807 2734 963 2818 pluribus
978 2732 1061 2796 viris
1076 2749 1117 2795 ac
1137 2731 1231 2796 femi-

275 2838 330 2900 nis
345 2837 436 2900 felici
452 2855 569 2900 cruore
585 2836 769 2901 damnavit.
814 2834 946 2899 Passus
966 2841 1020 2898 est
1043 2831 1109 2896 hac
1128 2831 1231 2897 Pam-

277 2939 391 3021 philus
425 2938 612 3020 presbyter,
641 2936 782 3000 Eusebii
811 2922 1044 3000 caesareensis
1078 2934 1270 3017 episcopias

277 3040 503 3116 necessarius,
518 3039 617 3125 cujus
632 3040 738 3104 vitam
752 3039 828 3121 ipse
844 3037 951 3102 tribus
968 3034 1064 3100 libris
1080 3054 1233 3119 compre-

277 3141 405 3205 hendit.

80 3259 156 3306 raso.
193 3258 251 3304 sos.
320 3241 440 3306 Tertio
464 3243 712 3324 persecutionis
738 3262 839 3318 anno,
860 3260 929 3323 quo
949 3248 984 3305 et
1007 3238 1233 3304 Constantius

279 3343 374 3420 obiit,
391 3342 604 3407 Maximinus
617 3352 652 3408 et
663 3344 810 3408 Severus
827 3361 848 3406 a
863 3341 1002 3406 Galerio
1017 3338 1234 3405 Maximiano

280 3443 438 3509 Caesares
457 3442 552 3519 facti,
578 3465 597 3508 e
620 3446 745 3525 quibus
771 3442 984 3507 Maximinus
1006 3441 1178 3506 maleficia
1200 3450 1274 3506 etto

280 3553 402 3628 stupra
427 3563 492 3608 sua
515 3544 784 3608 Christianorum
809 3543 1106 3628 persecutionibus
1133 3562 1235 3608 accu-

325 3858 335 3888 ⁸
350 3854 560 3927 Asclepiodotum]
579 3859 615 3909 H.
626 3861 657 3908 E.
672 3859 739 3923 l‚vi.
813 3855 832 3884 ¹⁸
848 3851 1002 3924 Britannia]
1023 3856 1060 3906 H.
1072 3857 1104 3907 E.
1116 3861 1141 3920 l,
1154 3860 1208 3910 viii.
1222 3861 1236 3923 b

281 3933 592 4135 ὅῙῐῖγαείιινὶεσσὶθείιιιι]
619 4000 655 4049 Η.
668 4000 700 4048 Ε.
715 4001 739 4060 1,
774 3930 830 4116 ΪΞὮ
845 3990 984 4065 Albanum]
1014 3997 1050 4046 H.
1069 3997 1099 4048 E.
1118 3997 1236 4064 1,vii.§

279 4072 315 4121 vi.
357 4076 398 4120 15.
809 4104 816 4116 .
