2850 4890
201 337 265 402 164
395 354 481 401 vnn,
499 353 607 401 nunu
624 351 865 414 cunculcou,
881 351 969 402 srva

202 512 291 577 sicut
305 512 450 595 primam
468 510 636 594 cujusque
654 508 801 573 hominis
820 506 949 573 oblivio
968 507 1161 588 demergere

202 614 383 678 consuevit
406 619 563 692 aetatem3
587 619 713 694 quotus
738 611 827 675 enim
852 610 999 695 quisque
1023 615 1079 673 est
1103 607 1162 690 qui

202 734 301 779 suam
315 715 510 779 recordetur
523 713 727 779 infantiam?

245 815 404 880 Secunda
425 824 511 880 aetas
531 835 553 880 a
572 815 650 879 Noe
669 834 779 897 usque
800 814 845 879 ad
862 812 1049 890 Abraham,
1064 831 1163 894 gene-

202 917 352 981 rationes
367 917 473 1000 juxta
491 916 701 981 Hebraicam
721 915 961 979 auctoritatem
981 913 1163 996 complexa
1188 931 1201 974 a

205 1035 246 1096 x,
260 1026 499 1084 aunos'autem
519 1035 672 1098 uox0113
694 1037 794 1100 porro
809 1016 914 1100 juxta
933 1015 1164 1107 Septuaginta

201 1121 406 1204 interpretes
427 1139 536 1184 annos
560 1136 724 1196 uuxxn,
748 1119 983 1201 generationes
1003 1135 1085 1182 vero
1107 1131 1162 1179 xl.

204 1223 293 1287 Haec
322 1223 423 1306 quasi
449 1222 597 1304 pueritia
624 1220 691 1286 fuit
720 1220 851 1302 generis
880 1218 1001 1302 populi
1028 1217 1108 1294 Dei,
1130 1224 1165 1282 et

202 1325 280 1388 ideo
296 1325 332 1388 in
348 1344 390 1389 ea
405 1321 539 1405 Lingua
554 1323 696 1387 inventa
711 1329 776 1399 est,
790 1320 827 1385 id
846 1327 911 1398 est,
926 1321 1091 1384 Hebraea.
1131 1318 1164 1382 A

203 1425 351 1507 pueritia
374 1443 524 1508 namque
553 1423 676 1507 incipit
705 1421 806 1487 homo
835 1441 938 1486 nosse
965 1422 1062 1504 loqui
1086 1427 1204 1504 postro

202 1526 393 1603 infantiam,
415 1545 492 1608 quae
512 1524 594 1588 hine
614 1524 790 1606 appellata
810 1530 873 1600 est,
893 1522 985 1606 quod
1008 1523 1075 1587 fari
1096 1541 1165 1586 non

203 1635 328 1711 potest.

246 1728 365 1792 Tertia
374 1730 417 1792 ab
429 1725 605 1792 Abraham
614 1745 723 1809 usque
736 1724 781 1788 ad
791 1724 918 1802 David,
928 1725 1165 1806 generationes

198 1828 304 1912 juxta
335 1836 515 1911 utramque
551 1827 792 1892 auctoritatem
828 1842 910 1904 xw,
940 1846 1052 1892 annos
1084 1847 1165 1892 vero

206 1946 428 2007 Dccccxuu,
457 1928 699 2011 complectens.
758 1929 847 1993 Haec
875 1929 970 1993 velut
1004 1929 1202 2014 quaedamrs

204 2030 439 2096 adolescentia
464 2030 530 2095 fuit
556 2031 677 2114 populi
703 2030 781 2108 Dei,
807 2050 829 2094 a
856 2050 927 2114 qua
952 2037 1058 2096 aetate
1082 2031 1165 2113 quia

202 2132 324 2216 incipit
342 2130 444 2195 homo
463 2152 568 2214 posse
587 2151 757 2215 generare,
773 2140 954 2215 propterea
973 2131 1164 2198 Matthaeus

203 2233 418 2315 evangelista
460 2234 716 2315 generationum
751 2253 795 2298 ex
831 2231 1005 2298 Abraham
1040 2235 1164 2298 sumsit

204 2335 391 2412 exordium,
419 2335 478 2419 qui
506 2336 610 2399 etiam
637 2342 737 2418 pater
761 2334 924 2399 Gentium
952 2336 1164 2401 constitutus

204 2443 268 2514 est,
283 2436 421 2518 quando
437 2445 607 2501 mutatum
620 2456 745 2500 nomen
761 2437 904 2518 accepit.
1173 2455 1203 2501 ao

248 2535 382 2614 Quarta
412 2555 433 2600 a
463 2536 579 2601 David
608 2557 717 2620 usque
750 2537 795 2601 ad
831 2537 1164 2620 transmigrationem

204 2636 405 2722 Babylonis,
420 2658 529 2703 annos
549 2639 678 2703 habens
694 2639 800 2722 juxta
816 2639 1026 2703 Hebraicam
1040 2641 1163 2706 verita

203 2747 273 2802 tem
288 2756 530 2817 ccccnxxur,
541 2740 646 2823 juxta
660 2740 887 2823 Septuaginta
904 2740 1164 2811 translationem

205 2855 267 2905 xu
289 2842 448 2924 amplius,
467 2841 703 2924 generationes
718 2841 824 2924 juxta
841 2850 1006 2923 utrosque
1026 2843 1165 2908 codices

206 2959 305 3006 xvu.
364 2942 462 3021 Quas
488 2951 606 3006 tamen
629 2942 842 3023 evangelista
865 2941 1057 3008 Matthaeus
1078 2946 1162 3010 certi
1174 2962 1202 3010 aa

204 3045 358 3128 mysterii
382 3044 492 3126 gratia
514 3060 585 3106 xrv
607 3043 714 3125 ponit.
758 3041 792 3104 A
817 3062 887 3125 qua
909 3043 1005 3108 velut
1015 3045 1164 3127 juvenili

205 3152 308 3209 aetate
338 3145 374 3207 in
403 3143 532 3227 populo
563 3143 630 3207 Dei
652 3163 768 3225 regum
791 3151 944 3226 tempora
967 3154 1165 3228 coeperunt3

204 3244 278 3307 haec
299 3264 446 3326 namque
466 3247 501 3308 in
523 3246 716 3309 hominibus
738 3252 825 3310 aetas
844 3253 928 3328 apta
943 3248 1165 3328 gubernando

204 3345 293 3409 solet
308 3346 475 3411 exsistere
490 3367 604 3429 regno.

249 3445 381 3524 Quinta
410 3449 510 3529 quasi
537 3448 656 3512 senilis
687 3455 786 3527 aetas,
812 3469 834 3513 a
863 3450 1204 3532 transmigrationem

205 3545 406 3631 Babylonia,
421 3569 530 3631 usque
553 3549 590 3612 iu
610 3549 794 3613 adventum
814 3549 953 3614 Domini
973 3550 1165 3618 Salvatoris

204 3649 239 3711 in
255 3668 403 3726 carnem,
417 3652 692 3732 generationibus
708 3659 743 3716 et
757 3652 834 3734 ipsa
851 3666 934 3730 xlv,
948 3671 1050 3734 porro
1066 3655 1165 3718 annis

208 3765 399 3816 uuxxxrx
411 3758 564 3829 extenta,
575 3752 611 3814 in
622 3772 702 3833 qua,
713 3760 752 3815 ut
766 3752 860 3833 gravi
873 3760 1049 3817 senectute
1060 3752 1164 3832 sessa,

205 3852 305 3914 malis
321 3852 547 3915 crebrioribus
561 3852 659 3934 plebs
675 3852 828 3916 Hebraea
841 3860 1036 3935 quassatur.

249 3953 368 4029 Sexta,
379 3972 456 4034 quae
468 3972 558 4015 nuno
571 3953 684 4034 agitur
695 3959 791 4029 aetas,
801 3951 895 4016 nulla
907 3955 1164 4035 generationum
1175 3976 1203 4022 aa

206 4054 261 4118 vel
274 4062 461 4137 temporum
476 4054 562 4118 serie
576 4061 669 4118 certa
681 4060 745 4131 est,
756 4054 816 4118 sed
829 4061 869 4119 ut
880 4062 966 4120 aetas
980 4055 1164 4141 decrepita,
