2850 4890
239 362 305 428 262
612 373 826 423 srrnnnrx.

283 528 296 596 t
307 528 337 581 6.
359 518 482 592 Videte,
490 518 605 592 fratres,
617 521 767 601 quomodo
775 520 832 580 iste
843 526 1001 598 autequam
1010 539 1064 600 per
1073 519 1206 580 laborem

243 627 364 688 operum
385 627 503 666 snorum
522 615 709 686 agnoscatur,
724 627 776 686 per
790 605 1000 687 providentiam
1017 604 1077 664 Dei
1093 605 1207 666 electus

243 693 423 761 ostenditur;
447 693 525 752 sicut
547 693 585 752 de
606 693 785 752 Patriarcha
805 713 857 772 per
881 691 1066 770 Prophetam
1087 691 1206 760 dicitur,

243 777 340 838 Jacob
355 777 457 849 dilexi,
473 779 555 839 Esau
571 788 669 838 autam
686 777 755 838 odio
771 778 880 845 habui;
905 776 1025 836 Samuel
1041 798 1162 857 quoque
1178 787 1208 836 et

245 864 346 924 David
371 865 486 944 utrique
510 866 539 923 in
563 864 686 924 infautia
710 864 796 923 electi
821 863 1016 923 inveniuntur.
1059 861 1243 922 Jeremias⁵

243 970 315 1009 vero
333 951 476 1030 propheta
495 959 526 1009 et
542 950 674 1009 Joannes
696 949 835 1029 Baptista
854 949 884 1007 in
903 947 1033 1007 officium
1049 947 1171 1008 Domini
1188 969 1207 1008 a

245 1036 337 1095 vulva
349 1036 449 1094 matris
466 1034 643 1095 sanctificati
656 1036 802 1114 leguntur.
844 1032 929 1093 Sicut
944 1033 1061 1093 Doctor
1076 1035 1206 1112 gentium

245 1121 408 1193 affirmavit,
430 1121 543 1194 dicens,
560 1122 648 1187 Quos
665 1131 762 1182 autem
779 1119 1011 1201 praedestinavit,
1028 1119 1087 1179 hos
1106 1129 1137 1180 et
1153 1140 1205 1180 vo·

245 1208 335 1267 cavit.
1207 1254 1211 1258 .

70 1303 211 1344 nonnemo
287 1299 343 1368 §7.
366 1292 404 1351 In
423 1290 528 1353 eadem
547 1303 635 1354 aetate
654 1292 712 1352 alio
732 1291 874 1351 miraculo
893 1288 953 1350 Dei
972 1289 1111 1349 electioni
1130 1307 1244 1371 prae-lo

66 1356 190 1457 iiiiii&
200 1357 226 1405 sy
244 1378 421 1438 destinatum
436 1377 583 1438 Dominus
599 1377 800 1458 magnificavit
816 1397 894 1438 eum.
938 1375 1020 1435 Dum
1038 1396 1111 1455 ergo
1126 1385 1208 1437 esset

244 1486 326 1546 puer,
347 1474 379 1524 ut
398 1464 472 1535 dixi,
493 1463 590 1524 adhuc
609 1465 715 1536 laicus,
733 1464 763 1522 in
782 1461 949 1523 infirmitate
969 1469 1120 1542 premente
1141 1482 1207 1521 eum

245 1552 351 1610 acriter
377 1549 571 1610 detinebatur.
626 1549 770 1629 Namque
798 1570 874 1628 genu
908 1556 1051 1619 tumente,
1079 1548 1208 1608 astrictis

245 1637 354 1707 nervis,
368 1635 552 1707 claudicans,
568 1635 644 1717 pede
664 1636 755 1695 altero
775 1645 879 1694 terram
900 1655 959 1694 non
977 1643 1118 1712 tangens,
1135 1632 1207 1692 foris

244 1722 410 1803 deponatus
428 1723 519 1800 juxta
544 1723 685 1801 parietem
713 1723 742 1780 in
770 1721 842 1781 solis
867 1720 971 1780 ardore
989 1722 1111 1798 jacens,
1132 1717 1206 1779 vidit
1214 1735 1243 1779 15

244 1808 391 1867 hominem
403 1808 606 1868 honorabilem
621 1816 651 1867 et
664 1809 744 1867 mirae
758 1806 973 1886 pulcritudinis,
990 1825 1080 1885 super
1100 1826 1208 1883 equum

245 1894 472 1965 ornatissimum,
486 1894 515 1953 in
531 1893 606 1954 albis
619 1893 802 1954 vestimentis
817 1891 981 1963 sedentem,
994 1891 1034 1951 de
1048 1891 1208 1970 longinquo

246 1978 283 2038 ad
306 2000 339 2038 se
354 1980 462 2040 venire.
508 1980 570 2046 Qui
591 1980 829 2061 appropinquans
851 1979 878 2038 ei
897 1977 1090 2057 salutansque
1110 1977 1208 2037 verbis

246 2063 394 2144 pacificis,
422 2065 621 2143 interrogavit,
650 2067 675 2125 si
703 2064 796 2125 voluit
823 2065 874 2125 tali
899 2063 1010 2142 hospiti
1033 2062 1208 2123 ministrare.

248 2149 306 2209 Ille
321 2151 408 2209 etiam
423 2151 568 2232 intrepida
587 2160 685 2210 mente
702 2151 835 2230 corporis
849 2148 1047 2209 infirmitatem
1060 2149 1246 2219 revelans,2n

248 2237 300 2306 ait,
317 2243 325 2270 ‘
342 2235 375 2295 Si
390 2235 474 2295 Deus
488 2237 643 2312 voluisset,
658 2245 689 2296 et
702 2256 749 2295 me
763 2236 849 2296 nodis
869 2234 1044 2294 infirmitatis
1064 2254 1120 2316 pro
1139 2254 1208 2314 pec·

249 2322 325 2381 catis
348 2342 405 2381 non
427 2322 601 2401 obligasset,
622 2323 651 2381 in
673 2323 813 2382 honorem
836 2323 901 2400 ejus
924 2320 1089 2380 ministrare
1108 2320 1209 2400 hospi-

247 2408 327 2466 tibus
347 2408 430 2487 piger
450 2429 508 2467 non
529 2408 647 2469 essem.’
691 2407 808 2467 Deinde
827 2407 927 2486 itaque
942 2406 986 2467 vir
998 2406 1049 2465 ille
1063 2415 1134 2486 post
1146 2406 1210 2466 haec

247 2494 338 2552 verba
350 2492 537 2553 descendens
551 2494 589 2554 de
603 2514 692 2573 equo,
706 2493 893 2554 considerato
907 2512 983 2571 genu
1000 2493 1078 2571 ejus,
1092 2491 1175 2571 quod
1189 2512 1207 2551 a

247 2576 335 2637 nullis
351 2578 482 2650 medicis,
507 2587 539 2638 ut
554 2580 670 2639 dixerat
686 2588 766 2649 aute,
784 2587 918 2639 curatum
933 2585 1006 2646 erat,
1025 2578 1168 2657 praecepit
1181 2578 1209 2636 ei
1217 2594 1246 2639 26

247 2663 361 2735 diceus,
377 2671 385 2697 ‘
402 2663 539 2743 coquere
551 2665 675 2725 farinam
688 2665 776 2724 tritici
790 2664 876 2724 simul
887 2672 917 2722 et
925 2663 985 2733 lae,
996 2671 1102 2722 etcum
1111 2662 1210 2722 calido

247 2770 381 2829 unguens
394 2749 478 2809 linire
492 2750 607 2811 debes.’
648 2750 733 2809 Puer
752 2759 851 2809 autem
870 2759 940 2829 post
959 2748 1128 2808 discessum
1146 2749 1211 2820 viri,

248 2843 396 2916 praecepto
418 2835 572 2906 obedieris,
598 2834 749 2913 Angelum
766 2835 825 2895 Dei
843 2856 910 2895 esse
930 2835 1083 2894 intellexit.
1131 2834 1212 2895 Post

247 2941 359 3000 paucos
378 2920 443 2980 dies
464 2921 626 2981 secundum
647 2921 735 2981 fidem
751 2924 815 3000 ejus
830 2931 962 2992 sanatus,
977 2921 1086 3000 gratias
1101 2921 1212 2999 agebat

247 3006 316 3067 Deo
331 3007 489 3078 miseranti,
500 3008 552 3087 qui
566 3009 720 3067 sanitatem
733 3008 856 3085 integre,
871 3008 949 3066 sicut
962 3016 1077 3066 caecato
1091 3006 1207 3078 Tobiae,
1218 3022 1248 3067 ao

247 3114 299 3173 per
313 3092 464 3171 Angelum
486 3114 571 3152 suum
590 3103 740 3152 curantem
757 3093 888 3152 dederet.
931 3092 972 3151 Et
996 3092 1114 3152 abhoc
1136 3101 1209 3151 tem-

247 3199 330 3258 pore,
359 3188 391 3239 ut
423 3178 473 3237 ille
506 3180 720 3258 probatissimis
748 3180 817 3238 viris
844 3179 996 3248 revelavit,
1024 3177 1212 3254 Angelorum

247 3265 369 3332 auxilio,
393 3262 567 3342 deprecatus
589 3265 750 3324 Dominum
776 3266 804 3324 in
824 3264 960 3324 maximis
976 3265 1120 3344 angustiis
1136 3264 1210 3337 suis,

247 3369 305 3408 non
322 3356 368 3407 est
382 3348 584 3410 defraudatus.

290 3440 347 3508 §8.
370 3434 442 3493 Alio
465 3457 583 3516 quoque
607 3444 748 3517 tempore,
773 3437 801 3494 in
827 3434 1028 3496 adolescentia
1048 3455 1116 3506 sua,
1138 3434 1248 3495 domna

247 3519 345 3580 adhuc
366 3528 447 3579 esset
468 3521 496 3579 in
522 3522 657 3602 populari
674 3523 745 3593 vita,
764 3521 883 3601 quando
905 3523 933 3580 in
955 3521 1103 3580 montanis
1121 3523 1211 3600 juxta

291 3781 481 3866 ³Propltetom]
510 3785 626 3834 Malach.
646 3787 665 3834 i.
683 3790 709 3848 2,
779 3783 798 3885 ¹⁸⁰
813 3779 923 3852 Dicens]
943 3785 1016 3833 Rom.
1030 3785 1143 3866 viii-20.

248 3859 279 3915 δ’
291 3855 543 3992 *Κέἶιῃνῆυιεῆιῗικεμ
556 3926 595 3974 iii.
609 3930 633 3976 7.
744 3849 1124 3987 Cap.ii;eilidmlibiieC]apvii
1132 3857 1208 3906 pros.

291 3993 301 4021 ⁵
320 3989 424 4062 David]
444 3996 490 4044 Ps.
504 3997 605 4045 lxxviii.
616 4000 656 4044 70.
777 3995 797 4024 ³⁵
815 3991 893 4064 Alia]
921 3997 975 4044 vit.
990 3997 1064 4046 Pros.
1079 3998 1145 4059 Cap.
1160 4011 1206 4059 1v;

294 4062 303 4089 ⁵
320 4065 456 4128 deremitat]
474 4067 491 4115 i.
503 4071 528 4114 5.
745 4069 799 4117 Vit.
814 4069 877 4116 Met.
890 4068 955 4128 Cap.
968 4081 1003 4117 ιν.

294 4131 304 4160 ⁶
319 4135 447 4198 Jounnes.]
466 4138 502 4186 st.
519 4137 601 4198 erle,
614 4138 631 4185 i.
644 4141 683 4184 40.
