2850 4890
521 374 690 427 AUCTORE
713 375 795 423 VEN.
820 376 925 424 BEDA.

251 535 392 618 Subque
410 533 478 598 levi
496 534 596 598 laetas
614 535 738 597 sumsit
754 534 942 598 luctamine
959 535 1105 618 palmas,

252 636 318 700 Sed
337 635 508 700 Dominus
526 634 631 717 digno
649 635 796 717 puerilia
813 655 916 699 sensa
932 632 1099 718 magistro

252 736 435 817 Correxit3
464 744 582 800 tenero
599 754 679 799 nam
697 735 740 798 de
757 756 863 818 grege
880 737 1048 820 parvulus
1065 738 1200 802 instans

252 837 397 902 Viribus
415 837 604 914 admonuit,
622 836 735 899 dubiis
754 856 797 900 ne
813 836 919 901 fidere
935 837 1065 917 mallet,

224 961 239 1005 s
253 939 299 1002 Et
317 938 444 1003 festina
459 938 556 1002 brevi
574 956 775 1002 consumere
793 944 950 1020 tempora
967 939 1066 1018 luxu,

253 1038 319 1104 Sed
337 1039 497 1103 stabilem
515 1038 657 1102 Domini
673 1045 823 1102 mentem
840 1038 993 1104 firmaret
1011 1059 1138 1105 amore.

302 1140 352 1204 At
368 1159 455 1223 puer
471 1138 614 1203 infantis
630 1139 709 1203 risit
727 1157 828 1202 sacra
845 1138 986 1217 famina,
1003 1141 1123 1205 nolens

253 1241 418 1305 Octennis
436 1240 577 1304 trimum
594 1240 778 1323 despectus
795 1239 921 1305 habere
939 1241 1165 1323 magistrum

252 1340 324 1421 Qui
341 1337 450 1423 gemit
466 1348 502 1405 et
519 1340 616 1405 luctu
631 1339 754 1404 faciem
771 1340 947 1422 perfundit
964 1361 1092 1407 amaro.

209 1465 240 1509 ro
252 1442 407 1508 Solvitur
423 1442 459 1504 in
476 1441 637 1505 lacrimas
654 1441 769 1518 Indue,
787 1442 971 1525 cunctique
987 1443 1141 1508 vicissim

254 1544 367 1608 Unius
383 1542 533 1606 incertos
551 1548 718 1624 satagunt
734 1542 934 1624 abstergere
951 1543 1066 1621 fletus,

254 1643 329 1708 Nec
347 1642 488 1709 valuere
505 1650 621 1707 tamen
638 1643 765 1707 solatia
781 1650 884 1725 rapta
901 1645 1034 1708 novari.

254 1742 359 1809 Hunc
393 1744 453 1827 pia
493 1744 701 1827 conplexum
737 1741 949 1808 Cutberhtus
991 1746 1036 1809 ad
1082 1745 1201 1810 oscula

400 1845 540 1921 mulcet,

208 1957 238 2002 1⁵
252 1945 446 2010 Obsecrans
464 1946 594 2010 siccare
612 1964 731 2027 genas,
749 1946 920 2031 deponere
936 1948 1064 2026 luctus,

252 2047 394 2130 Excipit
410 2054 446 2110 et
461 2054 588 2111 moesto
600 2046 717 2130 justas
735 2048 778 2112 de
795 2048 897 2113 corde
914 2049 1094 2132 querelas;

253 2147 369 2227 ‘Quid
386 2155 434 2226 te,
451 2166 542 2226 care,
560 2147 629 2211 levi
647 2147 766 2212 subdis
783 2169 846 2232 per
862 2150 980 2213 inania
996 2149 1091 2227 ludo,

254 2248 368 2328 Quem
384 2248 483 2311 Deus
500 2247 650 2312 aetbereo
668 2249 825 2313 sublimis
842 2248 972 2315 honore
989 2250 1154 2329 sacravit,

254 2348 453 2413 Praeficiens
471 2348 609 2432 populis
627 2349 708 2412 coeli
724 2350 849 2432 quibus
868 2352 958 2414 atria
975 2351 1134 2434 pandas?

208 2467 240 2512 ao
255 2450 450 2533 Ingenuum
467 2449 581 2514 stadio
598 2450 766 2532 numquid
783 2470 986 2515 concurrere
1004 2453 1114 2517 servis

255 2551 325 2615 Fas
343 2551 420 2628 erit,
438 2558 500 2614 aut
516 2550 614 2632 vulgi
631 2551 777 2614 antistes
793 2551 1002 2615 similabitur
1019 2553 1131 2616 actisl

254 2651 390 2735 Linque
407 2652 478 2715 tuis
495 2670 578 2733 ergo
596 2657 668 2714 tam
686 2651 827 2716 dissona
843 2651 969 2717 frivola
985 2652 1079 2730 fatis,

254 2753 483 2834 Devotusque
502 2751 579 2815 Deo
596 2770 733 2814 sacrum
749 2753 960 2836 conjungere
977 2755 1123 2835 pectus!

305 2852 395 2917 Haec
407 2853 468 2929 ait,
479 2859 514 2916 et
525 2852 623 2934 pueri
633 2851 858 2933 grandaevum
867 2853 903 2916 in
913 2860 1053 2936 pectore
1062 2874 1202 2918 sensum
1305 2909 1310 2917 .
1405 2871 1412 2883 ·

209 2973 240 3018 aa
254 2954 405 3037 Spiritus
422 2953 586 3029 instituit,
596 2958 758 3016 cunctum
768 2972 883 3016 comes
894 2953 1006 3017 almus
1022 2954 1059 3017 in
1076 2975 1201 3020 aevum.

256 3054 331 3119 Nec
349 3055 474 3117 mirum
490 3052 640 3116 infantes
657 3054 824 3136 mysteria
839 3054 991 3138 pandere
1009 3053 1152 3134 Christi,

256 3155 533 3237 Lactantumque
550 3172 648 3217 sacer
663 3153 797 3236 repleat
813 3155 844 3217 si
860 3155 994 3219 viscera
1011 3154 1126 3235 flatuS,

256 3256 327 3336 Qui
344 3255 429 3321 facit
445 3254 613 3320 humanas
631 3254 765 3319 asinam
782 3256 925 3320 reboare
941 3256 1125 3339 loquelas.'

606 3454 771 3522 CAPUT
799 3457 851 3523 II.

211 3605 242 3651 30
259 3581 412 3656 Quomodo
431 3602 512 3667 genu
537 3580 652 3644 dolente
676 3582 802 3645 claudus
828 3585 948 3670 effectus
971 3586 1025 3663 sit,
1045 3596 1072 3648 et
1093 3585 1202 3673 angelo

572 3680 735 3746 medicante
750 3694 887 3747 curatus.

306 3827 510 3897 PARVULUS
525 3833 658 3897 interea
674 3834 780 3899 subiti
797 3834 993 3901 discrimine
1009 3838 1120 3902 morbi

257 3929 440 4009 Plectitur,
458 3939 563 4016 atque
579 3935 670 4015 regit
687 3936 838 4017 vestigia
855 3937 1021 4021 languida
1037 3939 1132 4023 pino.

291 4137 408 4192 ²⁹Cn‘u‘r
419 4139 472 4212 11.]
493 4145 546 4195 Vit.
565 4146 638 4196 Pros.
651 4146 715 4209 Cap.
776 4143 798 4178 ³³
816 4141 904 4215 Pina]
934 4146 966 4196 ld
995 4153 1043 4211 est,
1063 4149 1140 4211 ligno,
1164 4148 1200 4198 H.

256 4225 285 4262 11.
739 4218 829 4280 ζώεις
847 4218 948 4282 baculo,
960 4221 990 4269 G.
