2850 4890
219 314 285 380 330
593 328 809 378 snrnnnrx.

222 476 339 537 habetis
361 474 465 556 ipsius,
488 482 519 534 et
538 493 593 534 nos
615 482 713 534 tamen
735 481 766 534 et
791 495 846 534 vos
869 473 937 534 Deo
958 473 1099 536 devotum
1118 477 1180 555 ejus

223 563 368 642 spiritum,
383 561 490 621 sivein
505 580 627 640 corpore
642 570 819 628 manentem,
833 581 886 620 seu
906 562 1040 640 corporis
1057 563 1179 622 vinculis

223 648 403 717 absolutum,
415 666 552 724 magnum
563 667 616 726 pro
626 647 734 706 nostris
745 648 919 707 excessibus
930 646 1011 725 apud
1026 667 1181 728 supernam

223 736 363 814 pietatem
378 733 600 792 intercessorem
614 732 756 792 habemus
770 742 800 792 et
813 733 989 813 patronum?

267 909 344 977 till.
371 902 534 963 Profectus
549 910 706 963 astantem
720 901 888 963 ceolfridus
902 923 921 962 a
935 923 991 962 suo
1006 904 1181 963 monasterio
1206 921 1218 963 a

87 1039 116 1068 r.
225 989 318 1069 pridie
333 1009 472 1048 nouarum
486 989 567 1048 Junii
581 989 614 1066 [4
626 988 724 1067 Juu.]‚
742 991 845 1067 quinta
858 989 986 1058 sabbati,
1001 989 1182 1049 decessurus

226 1077 253 1134 in
265 1096 344 1134 mare
355 1095 405 1154 per
417 1074 548 1134 Humbri
558 1073 677 1146 flumen,
689 1088 794 1154 quarta
805 1095 944 1135 nonarum
955 1074 975 1133 J
978 1074 1054 1135 ulias
1066 1076 1099 1152 [4
1108 1075 1182 1153 Jnl.]

226 1161 275 1220 die
300 1161 433 1230 sabbati,
456 1180 561 1220 navem
583 1160 728 1229 ascendit,
751 1181 819 1240 quas
841 1162 1013 1240 priusquam
1034 1160 1184 1220 Gallicum

227 1247 308 1306 littus
329 1255 471 1324 tangeret,
485 1247 578 1305 tribus
598 1246 626 1304 iu
646 1247 804 1326 provinciis
823 1246 852 1304 in
866 1256 973 1306 terram
988 1246 1116 1327 appulsa
1130 1255 1184 1315 est,

228 1333 377 1412 inquibus
394 1332 517 1409 singulis
537 1333 601 1411 ipse
621 1351 640 1390 a
659 1334 774 1392 cunetis
795 1331 957 1391 honorilice
980 1342 1139 1411 susceptus
1158 1341 1222 1392 etln

228 1419 418 1477 veneratione
441 1419 557 1477 lrabitus
582 1426 638 1486 est,
662 1419 734 1498 qnia
756 1419 850 1496 gratia
866 1418 979 1498 antiqui
998 1418 1186 1496 perfectiouis

228 1502 450 1583 incomparabili
462 1504 577 1563 virtutis
591 1504 728 1585 exemplo
741 1523 945 1563 consummare
959 1503 1135 1562 decreverit

271 1595 348 1663 §32
371 1587 468 1659 Adiit,
494 1609 614 1648 emensa
636 1590 832 1667 navigatione,
853 1588 962 1648 Galliae
981 1600 1074 1648 terras
1096 1589 1186 1668 pridie

229 1674 296 1734 idus
321 1674 452 1752 Augusti
476 1675 530 1751 [la
552 1674 663 1753 Aug.]‚
684 1685 790 1755 quarta
815 1676 942 1745 sabbati,
960 1674 1015 1734 sed
1030 1682 1062 1734 et
1082 1674 1140 1734 illis
1158 1676 1187 1733 in

229 1761 361 1840 partibus
386 1759 542 1838 magnifice
565 1763 604 1819 ab
632 1762 775 1820 universis
803 1761 929 1820 maxime
957 1760 997 1819 ab
1023 1761 1091 1839 ipso
1119 1780 1187 1838 rege
1198 1775 1224 1819 15

231 1847 387 1906 Helwrico
406 1847 565 1905 honoratus
586 1855 643 1917 est,
662 1848 713 1925 qui
733 1847 865 1926 acceptis
884 1845 970 1904 donis
986 1865 1054 1926 quae
1071 1846 1188 1915 obtulit,

231 1933 319 1991 etiam
331 1932 473 2011 epistolas
487 1932 529 1990 illi
543 1952 596 2010 per
607 1953 709 1992 omnes
724 1932 805 2010 regni
817 1933 861 1991 sni
874 1932 1039 2011 provincias
1051 1930 1147 2001 dedit,
1159 1940 1191 1990 ut

231 2018 258 2076 in
275 2038 348 2097 pace
360 2017 559 2096 susciperetur
571 2018 690 2097 ubique,
702 2038 797 2097 neque
808 2018 836 2077 ai
846 2019 993 2096 quispiam
1004 2016 1190 2097 dispendium

231 2103 343 2161 itineris
366 2103 464 2163 facere
488 2111 684 2183 praesumeret.
727 2103 853 2182 Insuper
875 2111 905 2161 et
928 2103 1190 2181 Longabardorum

232 2190 293 2266 regi
309 2187 497 2247 Liudbrando
516 2189 597 2248 illurn
619 2210 677 2249 una
694 2209 761 2248 curn
775 2189 837 2249 suis
851 2190 986 2248 omnibus
1001 2190 1126 2266 benigne
1141 2209 1191 2248 ex·
1201 2203 1229 2248 2⁰

233 2273 393 2334 hibendum
408 2275 634 2335 commendavit.
676 2274 819 2334 Pervenit
832 2285 930 2334 autem
950 2275 1099 2352 Lingonas
1116 2274 1192 2332 Bur-

235 2360 409 2437 gundiorum
429 2361 576 2420 civitatem
599 2360 648 2418 die
669 2362 794 2440 septimo
809 2359 1002 2419 kalendarum
1017 2360 1192 2419 Octobrinm

236 2447 289 2524 [25
312 2446 422 2525 Sept.]‚
452 2455 540 2505 sexta
566 2446 701 2515 Sabbati,
728 2447 778 2505 ubi
807 2455 893 2506 aetate
918 2447 1027 2524 pariter
1050 2447 1141 2524 longa
1164 2455 1194 2504 et

236 2532 407 2609 aegritudine
427 2532 568 2602 lassatus,
587 2533 688 2601 imma·
709 2531 872 2591 secundum
893 2530 974 2610 quod
995 2532 1078 2610 loqui
1099 2532 1194 2590 solent

236 2619 407 2697 Scripturas,
423 2616 564 2677 deficiens
586 2618 614 2675 in
634 2626 787 2677 senectute
807 2620 897 2687 bona,
915 2617 1070 2696 adpositus
1089 2628 1137 2676 est
1155 2615 1230 2678 adas

235 2716 334 2784 patres
350 2724 431 2763 suos.
476 2703 550 2763 Erat
563 2704 638 2762 enirn
654 2705 841 2783 septuaginta
855 2712 885 2762 et
899 2713 1025 2782 quatuor
1040 2723 1193 2773 annorum,

237 2790 409 2868 presbyterii
431 2788 522 2867 gradu
541 2790 660 2848 functus
680 2790 764 2849 annis
784 2789 980 2868 quadraginta
1000 2797 1126 2867 septem,
1141 2789 1193 2848 ab·

237 2876 314 2934 batis
330 2875 428 2935 locum
441 2896 493 2955 per
508 2896 541 2934 se
556 2894 660 2953 regens
675 2877 758 2934 anuis
773 2877 891 2952 triginta
904 2875 1043 2955 quinque.

65 2980 219 3022 ursnevouon.
280 2966 356 3034 §tta
380 2960 515 3039 Reliquit
534 2970 632 3020 autem
653 2960 682 3018 in
703 2961 887 3020 monasteriis
906 2961 1058 3020 cohortem
1071 2960 1195 3018 militum

239 3046 350 3106 Christi
372 3066 490 3105 numero
513 3047 581 3126 plus
605 3066 693 3125 quarn
718 3055 940 3114 sexcentorum
967 3066 1054 3126 porro
1078 3057 1195 3115 terram,
1206 3061 1234 3106 au

232 3136 321 3211 juxta
337 3133 574 3212 supputationem
591 3132 815 3191 consuetudinis
828 3131 1005 3211 Anglornm,
1020 3131 1195 3191 familiarum

237 3218 474 3295 fermegcentnm
502 3218 733 3296 qninquaginta;
765 3218 816 3297 qui
842 3226 874 3277 ut
899 3238 917 3276 a
939 3238 993 3276 suo
1018 3219 1196 3277 monasterio

237 3324 389 3382 egressum
404 3313 451 3363 est
466 3324 560 3380 nsque
574 3303 644 3362 dum
658 3302 735 3362 diem
751 3303 859 3363 clausit
877 3312 1050 3370 extremum,
1068 3311 1198 3383 excepta

236 3389 405 3468 psalmodia
431 3389 586 3458 canoniea,
609 3399 653 3448 ter
675 3388 808 3468 qnotidie
829 3389 1001 3469 psalterium
1028 3388 1132 3449 David
1157 3409 1197 3448 ex

284 3654 434 3726 ⁷Flumen]
456 3657 592 3718 Fluminis,
605 3658 665 3709 MS.
771 3657 791 3687 ²⁰
809 3655 984 3727 Liudtrondoff
1054 3660 1200 3723 Liutprand

276 3728 295 3759 ¹⁶
313 3723 453 3796 Haliartos]
485 3727 620 3789 Although
641 3730 702 3776 here
737 3744 790 3777 was
803 3729 866 3789 king
878 3731 908 3777 of
920 3731 963 3779 the
979 3731 1122 3780 Lombards
1135 3733 1199 3781 from

239 3801 324 3850 called
337 3801 400 3861 king
412 3799 440 3848 of
453 3799 533 3858 Gaul,
547 3798 578 3846 he
592 3814 702 3860 appears
736 3813 763 3849 Α.
777 3814 804 3848 n.
819 3804 867 3848 712
880 3806 905 3848 to
919 3805 976 3850 736.

240 3877 266 3919 to
279 3871 343 3920 have
355 3872 419 3919 been
432 3872 492 3932 only
506 3871 576 3918 ruler
591 3870 620 3917 of
634 3885 702 3918 some
770 3868 788 3897 ²¹
808 3866 952 3939 Lingonus]
989 3872 1057 3920 Now
1072 3873 1198 3933 Langres,

241 3941 270 3988 of
280 3943 312 3988 its
325 3942 447 3991 districts.
735 3956 767 3988 on
786 3941 829 3990 the
848 3943 917 3990 river
937 3943 1038 4001 Marna,
1056 3944 1082 3990 in
1104 3943 1198 3991 Cham-

277 4008 296 4039 ’ὓ
314 4006 443 4079 Accepta]
480 4013 614 4073 Exceptis,
626 4012 685 4061 MS.
735 4026 829 4073 pagna,
854 4013 901 4062 bnt
924 4028 957 4062 on
981 4013 1024 4062 the
1045 4013 1154 4063 bordera
1171 4012 1201 4062 of

278 4077 297 4108 ¹⁷
313 4076 416 4149 Regnat]
453 4082 559 4146 Regem,
572 4083 631 4131 MS.
736 4083 889 4144 Burgundy.
