2850 4890
109 3074 226 3115 cuthberto

107 3128 231 3176 gentionem,

279 356 322 418 80
568 369 659 416 vmn
677 369 706 416 s.
724 367 954 426 connuncrr,

280 537 376 594 tante
392 549 454 612 per
467 528 637 593 litterulas
649 526 856 609 Augustino,
871 544 972 608 quem
989 525 1133 607 primum
1146 526 1239 607 genti

280 629 467 711 Anglorum
501 630 699 711 episcopum
728 628 878 703 miserat,
907 625 1058 708 qualiter
1084 626 1240 708 episcopi

281 751 358 794 cum
386 731 458 793 suis
489 731 621 794 clericis
650 729 845 793 conversari
874 728 1033 806 debeant,
1061 728 1239 809 respondit

280 831 371 895 inter
392 832 472 909 alia,
496 830 592 894 ‘Sed
618 831 701 913 quia
721 836 782 894 tua
806 829 1015 906 fraternitas,
1040 829 1240 894 monasterii

280 933 406 1015 regulis
431 932 576 1010 erudita,
595 951 747 996 seorsum
767 931 839 994 fieri
859 950 928 993 non
947 931 1049 993 debet
1068 951 1090 995 a
1108 930 1242 994 clericis
1265 949 1279 991 s

280 1035 371 1114 suis;
401 1034 434 1097 in
460 1033 607 1097 ecclesia
637 1031 834 1113 Anglorum,
864 1051 953 1114 quae,
982 1038 1121 1096 auctore
1152 1030 1239 1108 Deo,

280 1154 389 1218 nuper
415 1134 527 1198 adhuc
551 1132 594 1197 ad
620 1132 721 1195 fidem
744 1132 912 1214 producta
936 1139 1000 1210 est,
1020 1133 1108 1197 hanc
1132 1132 1238 1196 debes

280 1237 572 1300 conversationem
603 1236 791 1310 instituere,
821 1254 898 1315 quac
932 1234 1030 1298 initio
1063 1233 1239 1298 nascentis

281 1337 435 1401 ecclesiae
464 1336 530 1401 fuit
558 1338 714 1420 patribus
742 1337 879 1414 nostris,
905 1337 940 1402 in
970 1337 1094 1418 quibus
1122 1335 1239 1399 nullus

281 1458 397 1501 eorum
412 1459 456 1502 ex
472 1439 629 1522 hisquae
645 1439 882 1521 possidebant,
896 1438 1025 1520 aliquid
1042 1457 1142 1501 suum
1161 1442 1239 1500 'esse
1250 1455 1280 1499 ro

282 1540 429 1618 dicebat,
449 1541 510 1604 sed
530 1548 627 1605 erant
648 1541 717 1604 illis
738 1541 853 1603 omnia
875 1537 1088 1603 communia!
1130 1538 1240 1621 Igitur

282 1642 326 1704 ad
347 1641 660 1705 Lindissarnensem
678 1640 871 1717 ecclesiam,
891 1641 965 1705 sive
985 1640 1239 1719 monasterium,

280 1744 332 1806 vir
355 1743 495 1807 Domini
526 1743 711 1807 adveniens
741 1762 820 1805 mox
851 1742 1012 1805 instituta
1038 1741 1240 1806 monachica

283 1844 461 1908 Fratribus
491 1844 639 1909 vivendo
663 1844 790 1925 pariter
820 1849 855 1906 et
880 1842 1033 1906 docendo
1062 1842 1238 1922 tradebat3

282 1945 343 2008 sed
355 1952 390 2009 et
401 1945 663 2028 circumquaque
672 1951 861 2008 morantem
873 1944 965 2026 vulgi
976 1943 1239 2023 multitudinem,
1251 1962 1280 2006 15

281 2066 372 2110 more
387 2066 462 2124 suo,
477 2048 595 2110 crebra
609 2045 806 2109 visitatione
823 2044 867 2108 ad
883 2045 1039 2109 coelestia
1053 2044 1239 2126 quaerenda

282 2154 316 2211 et
331 2148 552 2231 promerenda
567 2146 806 2211 succendebat.
852 2145 927 2209 Nec
939 2165 1006 2210 non
1016 2147 1119 2210 etiam
1131 2147 1239 2229 signis

282 2248 405 2313 clarior
420 2249 571 2326 effectus,
585 2249 749 2331 plurimos
764 2248 871 2313 variis
886 2248 1107 2330 languoribus
1122 2255 1157 2312 et
1170 2255 1240 2321 tore

282 2352 405 2415 mentis
429 2351 691 2433 comprehensos
712 2351 905 2414 orationum
928 2351 1095 2414 instantia
1114 2350 1239 2432 priscae

282 2453 425 2518 sanitati
440 2455 608 2534 restituit3
630 2453 815 2517 nonnullos
837 2454 881 2517 ab
900 2452 1150 2515 immundorum
1169 2453 1281 2534 spi-no

281 2553 407 2618 rituum
432 2555 626 2632 vexatione,
651 2574 720 2617 non
743 2554 855 2618 solum
878 2573 1031 2636 praeseus
1057 2553 1239 2635 tangendo,

281 2656 422 2734 orando,
436 2656 645 2739 imperando,
659 2654 897 2732 exorcizando,
912 2655 973 2719 sed
989 2662 1023 2718 et
1041 2656 1167 2719 absens
1183 2655 1239 2719 vel

281 2764 414 2822 tantum
429 2758 568 2836 orando,
580 2757 634 2822 vel
648 2764 739 2819 certe
755 2774 871 2820 eorum
886 2756 1101 2819 sanationem
1116 2756 1240 2838 praedi-

281 2858 400 2937 cendo,
431 2861 583 2940 curavit3
612 2859 647 2921 in
676 2859 801 2941 quibus
830 2865 905 2921 erat
931 2864 965 2921 et
993 2857 1054 2921 illa
1079 2855 1239 2922 Praesecti

281 2979 379 3036 uxor,
393 2960 435 3023 de
450 2981 521 3042 qua
534 2980 641 3043 supra
655 2960 842 3024 retulimus
1249 2978 1280 3022 25

326 3061 344 3144 ξ
358 3061 411 3125 26.
435 3061 544 3125 Erant
553 3069 666 3125 autem
676 3063 814 3144 quidam
825 3062 859 3124 in
872 3063 1078 3126 monasterio
1090 3061 1239 3138 Fratres,

283 3163 342 3243 qui
358 3161 483 3243 priscae
498 3182 570 3227 suae
590 3162 842 3240 consuetudini,
857 3182 961 3244 quam
979 3162 1136 3243 regulari,
1156 3163 1239 3226 mal-

282 3262 354 3326 lent
368 3263 600 3347 obtemperare
616 3264 793 3328 custodiae.
839 3263 936 3340 Quos
956 3272 1071 3328 tamen
1090 3264 1148 3327 ille
1168 3284 1239 3328 mo-

282 3364 381 3427 desta
390 3365 568 3447 patientiae
578 3367 781 3430 suaevirtute
792 3368 1026 3448 superabat,et
1036 3365 1238 3449 quotidiano

282 3466 445 3529 exercitio
471 3467 637 3547 paulatim
669 3468 711 3530 ad
739 3467 888 3530 melioris
916 3467 1083 3549 propositi
1109 3474 1238 3530 statum
1250 3485 1280 3529 so

282 3568 512 3631 convertebat.
548 3567 705 3651 Denique
721 3568 848 3649 saepius
865 3567 900 3630 in
916 3576 1008 3631 coetu
1023 3568 1181 3631 Fratrum
1196 3568 1238 3631 de

282 3666 416 3748 Regula
435 3668 626 3751 disputans,
641 3689 717 3732 cum
737 3669 911 3732 acerrimis
932 3669 1239 3733 contradicentium

280 3767 481 3850 fatigaretur
500 3770 644 3853 injuriiS,
664 3772 869 3852 exsurgebat
889 3779 1027 3853 repente
1048 3778 1082 3834 et
1102 3770 1238 3853 placido

615 4073 635 4103 ²⁵
651 4072 752 4143 Supra]
773 4078 836 4138 Cap.
852 4089 897 4125 xv.
