2850 4890
433 373 485 418 nn
503 372 760 420 nccnnncruu
778 373 1029 423 nurrsrrnnu.
1142 359 1208 424 223

251 531 371 596 tiorem
397 532 477 597 vitae
503 531 623 597 callem
646 534 807 597 reducere
833 543 992 617 satagas;
1015 545 1050 600 et
1072 537 1101 601 si
1124 545 1206 600 sunt

250 634 358 718 aliqui
374 634 556 718 cujuslibet
572 635 697 718 gradus
717 636 790 701 sive
808 637 938 701 ordinis
952 638 1027 715 viri,
1041 639 1100 721 qui
1115 640 1206 702 bona

251 743 313 800 tua
336 744 452 819 coepta
478 737 624 802 retinere
651 743 757 821 atque
781 738 945 821 impedire
969 748 1144 818 conentur,
1166 749 1204 805 tu

251 847 365 903 tamen
381 841 594 922 propositum
608 847 740 905 sanctae
751 841 899 917 virtutis,
910 860 1067 923 supernae
1077 862 1206 906 memor

221 941 494 1017 eretributioniS‚
519 942 563 1006 ad
586 942 724 1007 vfirmum
750 962 860 1027 usque
889 931 990 1006 fine’m
1018 943 1205 1027 perducere

251 1042 451 1107 contendas.
497 1043 576 1107 Scio
598 1063 747 1127 namque
771 1044 952 1109 nonnullos
975 1045 1055 1109 huic
1078 1052 1204 1110 nostrae

250 1143 482 1208 exhortationi
510 1145 662 1230 multum,
683 1146 967 1224 contradicturos
993 1154 1029 1210 et
1055 1148 1205 1212 maxime

248 1264 320 1321 eos,
334 1245 394 1329 qui
410 1247 543 1330 seipsos
558 1247 628 1312 illis
647 1247 869 1325 facinoribus,
888 1268 910 1312 a
929 1249 1054 1331 quibus
1075 1256 1109 1312 te
1128 1268 1207 1332 pro·

249 1346 416 1426 bibemus,
430 1367 507 1412 esse
522 1348 676 1414 sentiunt
689 1350 859 1429 irretitos3
881 1350 940 1413 sed
956 1350 1151 1416 meminisse
1172 1358 1206 1415 te

208 1467 239 1512 ro
252 1449 350 1514 decet
384 1450 586 1533 apostolicae
624 1452 870 1534 responsionis,
909 1450 1032 1530 ‘Quia
1068 1454 1206 1518 obedire

251 1556 387 1633 oportet
401 1549 488 1626 Deo,
503 1551 613 1637 magis
628 1572 731 1635 quam
745 1552 959 1618 hominibus!
1003 1553 1207 1620 Mandatum

251 1653 379 1736 quippe
400 1661 454 1717 est
470 1653 548 1732 Dei,
566 1653 737 1718 ‘Vendite
757 1674 835 1738 quae
855 1655 1055 1737 possidetis
1074 1663 1109 1719 et
1125 1656 1206 1722 date

251 1756 514 1839 eleemosynam.
547 1755 593 1820 Et
607 1756 674 1819 nisi
690 1757 767 1840 quis
783 1757 1033 1821 renunciaverit
1048 1759 1206 1823 omnibus

249 1876 327 1939 quae
351 1856 515 1939 possidet,
535 1877 604 1921 non
627 1865 743 1940 potest
766 1877 863 1922 meus
892 1877 969 1922 esse
996 1859 1207 1942 discipulus?

210 1977 240 2021 15
252 1957 410 2021 Traditio
434 1966 549 2023 autem
571 1957 736 2023 moderna
759 1960 972 2042 quorundam
1000 1969 1064 2038 est,
1089 1963 1206 2045 quise

253 2060 320 2124 Dei
339 2060 486 2124 famulos
508 2080 585 2125 esse
605 2061 817 2142 profitentur,
832 2081 899 2125 non
915 2062 1026 2126 solum
1041 2083 1207 2146 possessa

252 2181 321 2225 non
340 2160 498 2240 vendere,
512 2181 630 2226 verum
645 2162 750 2226 etiam
769 2181 966 2246 comparare
984 2184 1054 2228 non
1075 2165 1204 2230 habita.

253 2261 334 2342 Qua
363 2282 443 2346 ergo
468 2262 578 2327 fronte
607 2263 712 2328 audet
740 2265 922 2346 quisquam
952 2265 996 2330 ad
1026 2266 1205 2332 servitium

254 2364 394 2429 Domini
418 2384 630 2444 accessuruS,
653 2366 709 2430 vel
733 2384 785 2443 ea,
808 2385 886 2448 quae
909 2367 945 2429 in
966 2368 1111 2431 seculari
1132 2369 1206 2433 vita

208 2485 241 2531 so
252 2465 431 2543 habuerat,
445 2473 627 2545 retentare,
641 2465 697 2531 vel
713 2467 778 2530 sub
793 2472 965 2549 praetextu
979 2468 1060 2532 vitae
1078 2469 1207 2533 sancti*

254 2569 323 2632 oris
338 2568 429 2643 illas,
442 2587 530 2651 quas
545 2587 614 2631 non
633 2566 810 2646 habuerat,
824 2588 1028 2651 congregare
1048 2569 1206 2650 divitias3

252 2691 330 2735 curn
350 2671 455 2735 etiam
475 2669 668 2752 apostolica
688 2671 735 2734 sit
754 2670 936 2736 notissima
956 2690 1111 2750 censura,
1128 2692 1206 2754 quae

252 2772 424 2837 Ananiam
439 2778 474 2835 et
488 2770 693 2854 Sapphiram
712 2770 776 2834 hoc
796 2770 909 2836 faeere
928 2773 1118 2852 molienteS,
1137 2792 1205 2838 non

251 2874 323 2938 ullo
349 2873 562 2955 poenitentiae
586 2872 640 2936 vel
663 2870 912 2937 satisfactionis
930 2875 1079 2939 remedio
1105 2876 1206 2939 corri-

206 2996 239 3041 es
251 2997 341 3060 gere,
351 2975 415 3040 sed
431 2996 476 3040 ex
489 2974 568 3058 ipsa
587 2975 705 3038 statim
720 2975 840 3038 mortis
854 2975 986 3040 ultricis
1000 2977 1207 3044 acceleravit

251 3077 470 3143 damnatione
485 3077 622 3160 puniril
644 3084 679 3141 et
694 3077 831 3160 quidem
844 3076 896 3140 illi
915 3098 984 3142 non
1005 3079 1119 3144 aliena
1137 3080 1207 3143 col-

250 3181 365 3262 ligere,
402 3179 463 3243 sed
500 3199 566 3243 sna
601 3179 785 3261 incongrue
819 3178 966 3243 retinere
1002 3180 1205 3245 maluerunt.

252 3282 353 3347 Unde
372 3280 553 3346 manifeste
574 3288 681 3364 patet,
697 3301 800 3364 quam
819 3281 919 3363 longe
940 3282 1112 3348 abstiterit
1135 3285 1207 3348 ani-

251 3403 328 3448 mus
341 3383 574 3467 apostolorum
584 3403 606 3447 a
617 3383 845 3467 suscipiendis
856 3385 1078 3467 pecuniarum
1090 3387 1207 3470 acqui-

206 3486 445 3564 sositionibus,
474 3486 534 3570 qui
560 3487 624 3550 sub
654 3486 714 3550 illa
742 3485 877 3569 proprie
912 3488 1028 3569 regula
1058 3487 1206 3553 Domino

249 3588 456 3666 serviebant,
484 3588 621 3653 ‘Beati
648 3606 828 3671 pauperae,
855 3589 939 3672 quia
967 3596 1119 3654 vestrum
1153 3597 1207 3654 est

251 3709 391 3772 regnum
405 3689 470 3754 Dei
483 3689 503 3772 3'
524 3698 560 3755 et
574 3711 593 3754 e
608 3697 739 3769 contra,
749 3691 858 3773 partis
870 3691 1018 3756 sinistrae
1029 3693 1206 3774 proposito

281 4039 301 4070 ¹⁰
317 4036 443 4110 obedire]
462 4041 523 4091 Act.
533 4057 557 4091 v.
569 4046 611 4092 29.
766 4041 785 4072 ¹²
806 4040 928 4112 Vadite]
947 4045 986 4096 st.
1001 4046 1064 4096 Luc.
1074 4045 1120 4095 xii.
1131 4049 1172 4094 33.

279 4108 297 4139 ³¹
315 4107 410 4180 Beata]
429 4113 468 4165 st.
480 4113 557 4163 Mart.
570 4128 593 4162 v.
605 4117 631 4162 8.
1006 4156 1008 4160 .
