2850 4890
277 371 707 421 nrsr.rnuusnnr10u1s
725 372 754 418 s.
772 373 1007 420 coruscum.
1061 358 1127 422 299

169 518 258 590 bulis,
277 519 316 579 cd
341 539 408 600 quae
434 527 515 578 metu
538 519 667 578 hostium
692 518 875 598 confugerat,
896 520 935 579 cd
958 519 1128 579 bellandum
1147 517 1295 569 A·D·⁹l⁵·

171 616 273 667 contre
293 608 408 665 hostem
431 603 547 684 prodire
563 607 697 683 jusserit,
722 625 851 684 moxque
874 606 913 664 ud
934 606 1016 666 illum
1037 608 1128 665 totius

170 692 291 772 Angliae
304 691 466 750 exercitum
474 692 706 768 congregaverit,
715 711 770 750 nec
783 690 938 751 difficulter
949 694 1035 751 hoste
1045 713 1128 771 pros-

170 787 258 848 trato,
274 777 369 857 patrio
389 777 467 835 illius
486 796 576 854 regno
594 777 747 856 plurimam
765 776 924 837 Brlteuuiae
944 786 1056 856 purtem
1075 777 1128 836 ed-

142 865 282 943 ejecerit,
318 881 492 940 semperque
524 861 663 941 deinceps
693 872 828 941 promtus
856 862 898 920 illi
930 863 1047 942 adjutor
1075 883 1127 922 ex-

171 950 288 1009 stiterit.
330 947 494 1016 ‘Idciroo‚'
517 947 622 1026 inquit,
644 946 723 1018 ‘fili,
751 956 834 1006 tanto
862 954 985 1027 patrono
1010 956 1130 1027 tamque

171 1036 299 1112 benigno
323 1034 470 1093 liberatori
495 1042 594 1091 nostro
615 1032 755 1092 devotum
776 1042 805 1091 te
830 1053 946 1112 semper
965 1042 995 1092 et
1010 1032 1130 1093 fidelem

172 1121 290 1189 exhibe,
301 1138 414 1179 memor
428 1117 499 1199 quid
515 1117 581 1176 liliis
597 1117 721 1188 Elfredi,
736 1118 762 1176 si
779 1119 919 1198 pietatem
938 1126 968 1178 et
983 1120 1131 1197 justitiam

169 1205 302 1275 fecerint,
316 1205 342 1264 si
362 1206 390 1263 ei
411 1203 517 1263 fideles
541 1204 716 1273 exstiterint,
738 1203 803 1283 ipse
821 1205 1007 1283 promiserit!
1050 1205 1130 1265 Haec

101 1314 103 1317 ·
129 1307 161 1352 lu
173 1292 214 1371 pii
228 1293 319 1371 patris
334 1290 445 1350 monita
458 1288 652 1348 Ethelstauus
667 1289 790 1348 libenter
804 1291 978 1370 suscipiens,
993 1289 1130 1354 libentius

172 1397 264 1454 regno
277 1376 400 1457 potitus,
415 1384 462 1434 est
476 1383 646 1435 exsecutus.
692 1374 830 1455 Denique
848 1384 917 1435 ante
934 1375 1018 1434 illum
1032 1374 1130 1434 nullus

173 1482 277 1540 regum
304 1461 463 1520 ecclesiam
491 1462 587 1520 sancti
613 1460 767 1519 cuthberti
795 1468 908 1520 tuntum
935 1460 1048 1531 dilexit,
1072 1471 1131 1520 tum

173 1546 300 1606 diversis
318 1555 438 1626 tamque
456 1545 669 1625 multiplicibus
683 1546 773 1624 regiis
786 1547 955 1606 muneribus
970 1546 1132 1607 decoravit.

176 1632 267 1693 Unde
291 1632 427 1692 hostibus
451 1632 561 1711 passim
588 1632 803 1709 emergentibus
823 1631 932 1710 ubique
956 1632 1132 1711 praevsleus,

130 1735 162 1779 15
174 1720 310 1778 omnibns
333 1717 391 1777 illis
414 1717 462 1776 vel
483 1717 601 1786 occisis,
622 1717 671 1775 vel
699 1718 819 1776 servitio
839 1717 896 1776 sibi
921 1717 1065 1788 subactis,
1085 1717 1134 1778 vel

175 1812 260 1863 extre
286 1805 424 1862 terminos
453 1803 614 1862 Britanuiae
645 1802 766 1879 fugatis,
794 1803 899 1881 majori
933 1823 1021 1882 quem
1055 1802 1134 1862 ullus

175 1908 278 1967 regum
305 1889 472 1967 Anglorum
500 1897 567 1947 eote
596 1886 677 1945 illum
705 1888 798 1966 gloria
825 1889 976 1966 regnabat.
1030 1887 1134 1968 Hujus

175 1974 287 2054 imperii
301 1975 394 2052 primo
408 1992 496 2042 anuo,
511 1974 562 2052 qui
576 1980 622 2032 est
632 1992 725 2032 annus
736 1972 902 2034 Dominicae
912 1975 1134 2046 iucarnationis,

176 2059 417 2138 nongentesimus
441 2078 535 2117 nonus
557 2058 701 2128 decimus,
723 2066 811 2118 nctus
835 2068 884 2120 est
904 2070 1025 2119 sauctus
1050 2058 1134 2118 Dun-

134 2152 291 2215 wstmus,
320 2144 370 2224 qui
404 2144 621 2223 septuagesimo
654 2144 751 2203 aetutis
784 2165 846 2204 suae
879 2164 968 2215 euno,
994 2153 1135 2223 regnante

177 2229 341 2289 Ethelredo
355 2249 435 2308 rege,
449 2230 583 2287 transivit
596 2228 634 2287 sd
651 2228 820 2290 Dominum.

220 2321 298 2389 516.
321 2314 810 2374 AunorncarnatroursDominicae
826 2313 1136 2388 CMXX11,Tilredus,
1155 2331 1188 2381 Α
1200 2332 1233 2381 1)
1248 2333 1306 2381 922

177 2421 245 2460 curn
260 2402 289 2459 in
304 2402 474 2481 episcopatu
484 2401 550 2479 jem
564 2398 712 2459 tredecem
726 2419 818 2458 anuos
837 2408 866 2458 et
879 2407 1005 2477 quatuor
1019 2419 1135 2458 menses
1157 2398 1210 2438 Em
1211 2398 1282 2437 *’**

178 2487 300 2565 egisset,
314 2485 472 2545 defunctus
488 2494 544 2554 est,
559 2486 610 2544 et
604 2505 631 2543 rn
646 2488 710 2565 eJ'us
724 2486 823 2544 locum
837 2484 1000 2561 Wigredus
1020 2485 1169 2588 eligitur
1156 2450 1210 2538 pipp
1209 2450 1298 2550 'illd-'¹

135 2573 339 2670 nsepiscopus
362 2580 394 2631 et
415 2581 613 2631 cousecratur.
658 2569 753 2648 Cujus
776 2569 966 2650 pontificatus
986 2589 1063 2628 anuo
1084 2568 1136 2628 de·
1156 2601 1176 2639 1,
1155 2549 1313 2639 ”hhw‘soe

179 2659 268 2727 cimo,
284 2657 477 2716 Ethelstanus
492 2677 554 2726 rex,
570 2656 640 2715 duur
656 2654 787 2715 Scotiam
801 2655 945 2727 tenderet,
960 2675 1028 2714 curn
1048 2656 1136 2714 totius

181 2743 340 2802 Britannice
361 2743 504 2811 exercitu,
524 2743 619 2801 sancti
642 2741 796 2801 Cuthberti
817 2741 979 2821 patrocinia
1001 2760 1136 2818 quaereus

178 2831 244 2908 ejus
258 2828 446 2908 sepulchrum
461 2829 594 2906 expetiit,
609 2827 750 2904 suffragia
762 2826 933 2906 postulavit,
945 2827 1029 2905 eique
1041 2825 1137 2884 diver-

180 2914 222 2973 sis
242 2915 398 2993 speciebus
419 2915 447 2971 in
467 2913 603 2973 ecclesiae
623 2922 823 2971 ornamentum
839 2912 941 2980 multa,
957 2930 1024 2990 quae
1038 2931 1138 2989 regem

136 3015 168 3060 so
179 2998 309 3068 deceret,
324 2998 448 3058 donaria
461 3000 596 3068 contulit,
607 3019 673 3076 quae
688 2999 715 3056 in
730 2998 787 3056 hec
803 2997 997 3057 Dunelmensi
1010 2996 1139 3055 ecclesia

180 3105 275 3163 usque
298 3083 386 3142 hodie
407 3093 535 3153 servate,
557 3085 635 3163 piem
662 3084 754 3163 ipsius
778 3084 857 3160 regis
884 3102 955 3159 erga
979 3082 1138 3140 ecclesiam

181 3171 276 3228 sancti
294 3171 385 3249 patris
404 3169 558 3228 cuthberti
574 3168 770 3237 devotionern,
786 3174 817 3226 et
832 3176 971 3227 aeternum
989 3174 1139 3247 represen-

180 3263 244 3313 tunt
263 3256 441 3314 memoriam.
485 3255 563 3321 Quae
578 3263 608 3312 et
622 3263 733 3332 quanta
751 3255 818 3322 sint,
833 3253 983 3332 descripte
995 3273 1049 3332 per
1061 3253 1139 3312 ordi·

181 3360 247 3398 nem
263 3340 376 3400 cartula
390 3339 620 3419 comprehendit.
667 3339 729 3398 His
748 3349 980 3398 ornamentorum
999 3338 1139 3409 donariis,

138 3442 168 3486 ³5
181 3425 316 3485 villarum
330 3446 448 3506 quoque
463 3445 519 3484 uon
534 3427 631 3484 minus
645 3444 734 3504 quum
754 3423 917 3484 duodecem
933 3425 1140 3504 possessiones

182 3511 220 3569 ad
236 3510 440 3571 sufficientium
456 3511 526 3570 inibi
544 3511 730 3570 servientium
751 3510 959 3590 superadjecit.
1005 3511 1140 3576 Quorum
1155 3577 1157 3581 ,

181 3597 299 3655 nomina
323 3597 461 3676 quonism
486 3597 556 3654 alibi
580 3596 691 3675 scripta
721 3605 864 3666 tenentur,
893 3597 941 3655 hic
969 3616 1006 3654 ea
1032 3595 1149 3674 ponere

182 3683 382 3741 necessarium
393 3701 450 3741 nou
461 3682 594 3741 habetur.
629 3678 726 3760 Leges
738 3702 856 3761 quoque
868 3690 898 3740 et
908 3680 1141 3740 consuetudines

219 3996 239 4026 ¹⁸
256 3993 646 4064 Primoanno.]Athe1stansuc-
680 3994 741 4043 land
766 3994 792 4040 in
816 3993 855 4041 his
877 3992 986 4043 Collect.
1005 4008 1024 4044 1.
1040 3998 1099 4055 595,
1115 3996 1142 4044 in

183 4069 281 4120 cceded
292 4074 318 4118 to
326 4068 369 4118 the
379 4068 469 4116 throne
477 4068 502 4115 in
515 4079 541 4113 Α.
551 4079 578 4114 n.
589 4069 647 4114 924.
681 4063 765 4113 which
784 4078 827 4112 are
846 4067 886 4112 set
901 4069 947 4112 out
962 4065 1005 4114 the
1018 4079 1105 4114 names
1117 4065 1146 4114 of

218 4136 239 4167 ³⁴
258 4133 379 4206 cartule]
413 4138 455 4186 An
482 4138 595 4185 abstrect
623 4135 652 4184 ol
682 4135 725 4184 the
750 4134 826 4182 lende
850 4133 935 4182 which
955 4135 988 4186 he
1011 4136 1143 4186 bestowed

185 4208 346 4260 Athelstau’s
359 4208 416 4258 will
429 4209 452 4257 is
464 4209 541 4270 given
554 4207 587 4269 by
602 4206 649 4255 be·
682 4219 752 4267 upon
765 4205 803 4254 St.
817 4204 950 4257 Cuthbert.
