2850 4890
249 1028 634 1095 VENERABILIS
667 1030 827 1096 BEDAE
860 998 1214 1099 PRESBYTERI

561 1215 904 1290 Anonosnxorus,

480 1391 518 1475 C
536 1392 581 1474 H
600 1391 695 1475 RO
715 1392 759 1475 N
775 1393 797 1474 I
815 1393 853 1477 C
871 1393 910 1477 Ο
929 1393 987 1491 Ν,

704 1619 763 1656 slva

329 1774 393 1840 DE
415 1773 503 1840 SEX
528 1774 675 1840 HUJUs
698 1773 863 1840 SECULI
888 1774 1133 1840 AETATIBUS.

253 2011 312 2074 Du
343 2030 407 2077 sex
431 2009 535 2094 hujus
562 2011 681 2075 mundi
711 2012 884 2089 aetatibus,
914 2032 955 2078 ac
984 2014 1131 2096 septima
1156 2016 1212 2081 vel

250 2120 378 2178 octava
397 2113 524 2197 quietis
539 2114 688 2196 vitaeque
708 2114 873 2192 coelestis,
887 2121 922 2178 et
941 2134 1045 2197 supra
1066 2116 1102 2178 in
1120 2135 1212 2180 oom-

250 2215 431 2297 paratione
467 2215 585 2297 primae
620 2214 854 2293 hebdomadis,
891 2215 927 2278 in
958 2235 1029 2299 qna
1063 2216 1211 2282 mundus

250 2322 393 2380 omatus
416 2323 481 2393 est,
507 2315 687 2398 aliquanta
712 2316 985 2398 perstrinximus,
1005 2324 1040 2382 et
1062 2335 1152 2382 nunc
1174 2320 1211 2383 in

207 2435 239 2480 ro
251 2417 508 2500 comparatione
531 2416 597 2481 aevi
620 2417 722 2480 unius
748 2417 908 2496 hominis,
933 2419 993 2501 qui
1018 2418 1210 2500 μικρόκοσμος

251 2517 374 2583 Graece
403 2538 425 2582 a
456 2516 682 2601 philosophis,
717 2517 782 2582 hoo
816 2528 880 2598 est,
909 2520 1019 2583 minor
1051 2523 1210 2601 mundus,

250 2619 340 2684 solet
358 2621 561 2703 nuncupari,
576 2621 618 2684 de
637 2621 760 2686 iisdem
779 2622 957 2705 aliquanto
976 2622 1083 2687 latius
1103 2643 1210 2707 expo-

249 2738 380 2784 nemus.

292 2821 410 2886 Prima
438 2829 492 2886 est
520 2841 600 2904 ergo
629 2823 747 2886 mundi
774 2823 876 2907 hujus
906 2830 993 2888 aetas
1020 2825 1065 2888 ab
1095 2824 1209 2889 Adam
1293 2883 1300 2893 ,

207 2942 237 2986 rs
249 2943 360 3006 usque
379 2923 422 2987 ad
443 2923 533 3002 Noe,
550 2925 728 2989 continens
749 2944 858 2990 annos
874 2925 980 3009 juxta
1000 2926 1209 2991 Hebraioam

248 3025 427 3089 veritatem
448 3042 608 3102 uncnvl,
622 3024 729 3108 juxta
755 3026 983 3109 Septuaginta
1006 3027 1209 3108 interpretes

250 3141 459 3203 nunonem,
488 3127 723 3208 generationes
746 3126 852 3209 juxta
878 3135 1057 3210 utramque
1087 3127 1208 3192 editio-

248 3247 326 3291 nem
337 3247 476 3292 numero
489 3243 529 3291 x.
564 3226 653 3306 Quae
665 3228 851 3293 universali
863 3235 916 3292 est
927 3228 1041 3292 deleta
1055 3228 1208 3308 Diluvio,

259 3542 262 3547 ’
279 3551 290 3580 ⁶
305 3553 346 3602 De
356 3565 400 3600 sex
411 3549 481 3610 huius
492 3548 563 3598 seculi
574 3543 706 3616 atatim]
740 3549 805 3598 with
815 3563 832 3597 a
841 3564 904 3610 copy
916 3551 942 3598 in
954 3549 997 3600 the
1007 3552 1091 3613 Royal
1104 3553 1162 3604 MS.
1172 3559 1203 3604 12

244 3624 299 3674 The
323 3623 429 3671 treatise
448 3621 509 3669 here
533 3620 646 3681 printed,
669 3619 706 3667 al·
742 3621 774 3668 D.
788 3619 933 3679 rv‚fol.79.
970 3621 1000 3669 In
1014 3637 1046 3671 an
1056 3623 1152 3672 edition
1165 3626 1202 3674 in-

245 3693 343 3755 though
367 3692 476 3752 forming
500 3691 525 3738 in
546 3689 640 3750 reality
663 3689 706 3737 the
741 3690 1200 3751 tendedsolelyfortheillustration

245 3763 337 3814 valth
348 3762 463 3823 Chapter
480 3760 509 3809 of
524 3759 618 3808 Beda's
635 3759 706 3807 work
740 3760 770 3808 of
789 3760 898 3821 English
910 3760 1017 3822 history,
1036 3764 1057 3811 it
1074 3764 1120 3812 has
1137 3764 1201 3813 been

245 3837 284 3884 De
302 3835 411 3882 Ratione
424 3833 586 3892 Temporum‚
599 3829 707 3878 hasfre-
740 3830 850 3890 thought
875 3846 1046 3892 unnecessary
1074 3838 1100 3881 to
1125 3834 1201 3882 make

244 3904 349 3966 quently
359 3904 422 3952 been
433 3900 560 3964 regarded
570 3915 599 3950 as
609 3914 706 3961 asepa-
740 3900 854 3949 remarks
877 3917 945 3962 upon
969 3916 1045 3963 many
1067 3917 1201 3964 passages,

243 3974 467 4036 rateproduetion.
485 3971 707 4035 Thepresenttext
740 3970 1200 4033 whichinthemselvesrnightuppear
1239 4017 1247 4028 ,

243 4047 265 4094 is
273 4044 386 4094 founded
397 4040 586 4105 uponSmith’s‚
594 4041 705 4090 collated
740 4045 766 4088 to
778 4041 878 4102 require
890 4043 1046 4090 annotation.
