2850 4890
322 387 413 434 vrri
431 386 459 434 s.
477 385 712 448 curnuunrr,
729 387 841 435 uuor.
858 387 975 435 unorv.
1061 370 1127 437 269

165 530 208 590 ad
226 530 356 612 aquilam
373 550 456 612 puer,
471 529 633 589 secundnm
651 539 830 611 praeceptum
854 532 930 590 servi
949 531 1019 601 Dei,
1038 533 1125 592 bresi-

168 625 247 688 taus,
265 617 376 676 invenit
395 617 508 696 piscem
529 615 679 694 grandem,
701 618 885 696 portantique
908 616 947 676 ad
968 638 1035 677 eum
1052 619 1125 677 inte-

168 723 253 780 grum
270 702 346 761 dixit
358 723 461 781 puero,
476 710 484 735 ‘
501 700 562 760 Cur·
578 701 721 780 piscatori
736 711 836 761 nostro
851 704 997 781 jejunanti
1013 713 1124 783 partem

169 787 209 848 ad
235 788 419 848 vescendum
445 807 503 846 nou
530 785 668 846 dedistil'
723 788 808 846 Tunc
834 809 904 848 vero
936 809 1018 868 puer,
1048 791 1126 848 sicut

138 881 348 954 apraeceperat
364 874 410 932 vir
426 872 497 943 Dei,
517 882 630 952 partem
651 872 742 952 piscis
763 874 870 953 aquilae
891 873 984 944 dedit,
1002 875 1124 934 alteram

169 968 268 1018 antem
304 979 406 1019 secum
434 967 595 1038 portantes,
626 959 700 1018 iuter
731 959 863 1018 homiues
894 969 1068 1018 assaverunt
1095 969 1126 1018 et

166 1044 430 1114 manducaverunt,
451 1045 576 1123 aliisque
601 1042 755 1114 dederuut,
779 1055 811 1104 et
835 1044 943 1114 satiati,
968 1045 1126 1104 adorantes

168 1130 341 1199 Dominum,
357 1131 465 1208 gratias
481 1137 601 1208 agentes
620 1131 649 1187 iu
668 1129 820 1189 voluntate
836 1129 905 1200 Dei,
920 1129 959 1189 ad
977 1139 1125 1201 montana,

170 1225 203 1275 ut
216 1217 304 1295 supra
317 1215 456 1284 diximus,
467 1214 740 1294 proficiscebantur,
751 1214 892 1275 docentes
903 1226 933 1275 et
942 1216 1126 1296 baptizantes

126 1317 158 1362 10
169 1322 222 1361 eos
236 1303 266 1360 in
281 1302 395 1360 nomine
410 1301 523 1369 Putris,
538 1310 568 1359 et
582 1300 660 1370 Filii,
676 1308 706 1359 et
719 1301 844 1380 Spiritus
860 1301 973 1361 Sancti.

213 1393 226 1460 5
253 1394 301 1447 19.
336 1386 383 1446 Eo
409 1392 540 1466 ternpore
567 1386 608 1444 ibi
635 1387 710 1445 iuter
735 1396 874 1446 montana
900 1387 1065 1467 baptizans,
1095 1397 1127 1448 ut
1144 1402 1277 1466 ussarreuuy

168 1471 309 1542 diximus,
340 1473 369 1531 in
399 1473 472 1531 villa
498 1470 626 1551 quadam
654 1471 789 1531 Verbum
818 1472 937 1532 Domini
965 1472 1125 1532 secundum
1145 1454 1260 1499 'hem'

170 1577 281 1617 morem
304 1559 369 1635 ejus
392 1557 545 1636 diligenter
569 1556 672 1617 docuit
692 1566 723 1617 et
746 1558 911 1636 prophetali
938 1557 1047 1638 Spiritu
1069 1559 1128 1618 Dei

170 1643 307 1724 praevidit
326 1652 486 1702 tentantem
508 1642 670 1714 diabolum,
693 1652 724 1702 et
741 1642 836 1702 Verbi
858 1642 978 1702 Domini
996 1645 1129 1704 auditum

128 1745 159 1790 15
170 1729 319 1788 retardare
342 1729 489 1790 volentem
511 1727 651 1788 illudente
672 1730 837 1808 phantasia,
859 1729 1034 1809 praedicens,
1056 1731 1131 1789 inter

171 1815 231 1874 alia
252 1816 344 1874 verba
368 1816 420 1884 ait,
440 1814 490 1872 Ὀ
517 1814 635 1873 Fratres
660 1815 814 1886 carissimi,
837 1816 862 1873 si
885 1816 985 1894 aliqua
1005 1817 1129 1880 tentatio

172 1908 276 1961 exorta
293 1901 364 1961 foris
381 1907 500 1981 repente
519 1901 674 1972 exstiterit,
696 1921 752 1959 vos
770 1909 866 1959 tamen
885 1901 1006 1960 stabiles
1023 1910 1129 1972 estote,

170 2007 226 2045 nee
242 1986 322 2046 foras
342 1997 491 2046 currentes
508 2006 527 2043 a
540 1985 636 2045 Verbi
655 1985 715 2045 Dei
733 1986 880 2045 auditione
898 1987 1063 2057 tardamini‚
1078 2008 1132 2066 per

171 2072 337 2131 illusionem
364 2071 522 2151 prohibiti!
571 2071 651 2130 Post
675 2072 750 2142 haec,
778 2073 881 2131 iterum
910 2083 1007 2152 coepto
1028 2072 1130 2133 ordine

128 2174 161 2219 2⁰
173 2157 331 2236 Evangelii
358 2159 450 2217 verba
479 2177 640 2236 exponens,
675 2158 840 2228 audierunt,
868 2178 997 2218 accensa
1028 2158 1129 2230 domo,

173 2244 327 2323 strepitum
350 2242 706 2321 ignisvociserantesque
731 2244 872 2302 homines.
922 2244 1006 2302 Tunc
1030 2245 1130 2323 itaque

173 2330 320 2400 homiues,
335 2329 468 2408 exceptis
486 2329 600 2407 paucis,
616 2349 692 2409 quos
708 2349 794 2387 manu
813 2328 940 2398 retinuit,
959 2330 1134 2389 instabiliter

174 2423 326 2475 currentes
344 2415 551 2495 prosiluerunt,
571 2422 601 2473 et
620 2413 658 2473 ad
679 2413 800 2473 domum
819 2415 906 2493 quasi
923 2414 1132 2474 inflammatam

174 2521 269 2580 usqne
292 2508 495 2579 pervenerunt,
516 2500 694 2580 dissipantes
717 2501 844 2580 parietes
868 2502 943 2578 ejus,
968 2508 999 2558 et
1022 2502 1133 2559 exstin-

128 2603 160 2648 25
173 2606 262 2665 gnere
276 2585 422 2645 flammam
443 2585 585 2645 volentes.
632 2584 750 2645 Deinde
771 2587 919 2664 extemplo
937 2606 991 2645 nec
1009 2587 1134 2665 vestigia

173 2672 256 2743 fumi,
267 2670 348 2752 quod
362 2672 457 2749 ignem
473 2670 614 2750 praecedit
626 2680 657 2729 et
671 2673 813 2750 sequitur,
823 2670 969 2742 videntes,
981 2680 1011 2730 et
1025 2692 1134 2750 agnos-

175 2766 278 2818 centes
300 2777 333 2816 se
355 2758 458 2817 illusos
479 2777 556 2825 esse,
580 2756 744 2816 secundum
766 2757 938 2837 praedictum
963 2759 1039 2816 servi
1061 2757 1132 2828 Dei,

174 2864 228 2925 per
241 2844 427 2923 phantasiam
441 2842 563 2913 diaboli,
579 2842 618 2902 ad
633 2842 763 2912 domum,
779 2842 856 2901 unde
870 2853 1011 2902 venerunt
1024 2845 1134 2902 reversi

175 2937 255 3000 sunt,
268 2929 431 3009 provolutis
446 2929 569 3007 genibus
585 2928 758 3008 antepedes
773 2927 983 3009 praedicatoris.
1022 2930 1134 2988 Orante

131 3018 234 3094 anjam
256 3035 292 3074 eo
312 3034 364 3093 pro
382 3014 441 3073 illis
462 3035 515 3093 per
535 3014 699 3073 illusionem
718 3013 857 3073 Sathauae
875 3014 996 3084 fallatis,
1016 3016 1134 3074 veniam

174 3099 364 3178 indulgentiae
383 3101 620 3180 impetraverunt,
633 3099 806 3160 coufitentes
822 3120 865 3169 se,
880 3099 1066 3160 multifariam
1079 3100 1136 3160 fal-

174 3187 249 3246 lacis
270 3187 386 3246 astutiae
398 3185 608 3245 ‘seductionem
626 3186 805 3266 spiritualem
825 3207 877 3267 per
894 3186 1022 3246 visibilia
1042 3187 1136 3266 phan-

174 3272 282 3332 tastica
293 3271 464 3349 intelligere.
508 3272 603 3349 Igitur
618 3273 819 3350 unnsquisque
835 3294 885 3350 per
897 3272 1058 3333 doctrinam
1069 3275 1134 3351 ejus

175 3359 250 3417 bene
277 3356 449 3416 emendatus
477 3363 508 3414 et
534 3357 735 3428 confirmatus,
761 3356 923 3435 gaudentes
951 3359 989 3418 ud
1015 3358 1135 3418 domum

133 3461 164 3504 aa
178 3463 262 3503 suam
277 3445 386 3502 reversi
400 3450 479 3502 sunt.
516 3468 519 3472 ·

220 3534 296 3604 ΗΟ.
320 3527 437 3588 Eodem
456 3536 586 3607 tempore
607 3530 746 3589 invitatus
765 3538 812 3589 est
832 3537 954 3589 sanctus
972 3531 1061 3590 homo
1077 3529 1137 3590 Dei
1154 3542 1295 3584 Atreextin·

177 3637 196 3674 a
220 3614 348 3696 quadam
372 3615 502 3684 muliere,
527 3635 584 3694 que
609 3613 716 3674 dicitur
738 3615 883 3696 Kenspid,
899 3616 996 3675 adhuc
1020 3617 1135 3688 vivens,
1154 3596 1313 3696 {23¹5ssme

212 3946 231 3975 ¹¹
256 3949 293 3996 Eo
323 3941 445 4015 tempora]
484 3948 537 3995 Vit.
563 3947 638 3996 Pros.
673 3947 727 3995 nise
739 3945 782 3994 the
794 3959 868 3994 name
885 3944 915 3993 of
929 3945 1075 4010 Kenswitb‚
1091 3944 1134 3996 the

180 4020 324 4080 Cap.x111;
344 4018 398 4066 vit.
411 4018 553 4079 Metcap.
566 4030 604 4066 x1.
673 4018 750 4066 letter
768 4031 791 4064 w
808 4016 886 4076 being
910 4016 1055 4078 frequently
1075 4018 1135 4065 mis·

214 4087 235 4118 ³⁶
249 4089 339 4138 Eodem
351 4083 471 4156 tempora]
506 4089 559 4137 vit.
572 4089 638 4137 Met.
674 4087 752 4136 taken
768 4088 807 4136 for
817 4102 843 4151 p,
856 4086 941 4136 which
953 4088 974 4135 it
985 4086 1083 4148 closely
1095 4102 1135 4136 re-

180 4160 246 4221 Cap.
257 4172 313 4220 ηις
331 4158 387 4207 vit.
400 4159 475 4207 Pros.
488 4159 554 4220 Cap.
565 4171 622 4207 xrv.
675 4159 785 4208 sembles
796 4159 822 4208 in
833 4158 876 4209 the
890 4159 975 4208 Saxon
987 4157 1120 4221 alphabet.

215 4226 235 4259 ³⁷
252 4224 382 4297 Kenspid,]
410 4228 481 4278 Here
500 4245 540 4278 we
553 4243 641 4292 recog·
