<?xml version="1.0" encoding="UTF-8"?>
<!DOCTYPE html PUBLIC "-//W3C//DTD XHTML 1.0 Transitional//EN"
    "http://www.w3.org/TR/xhtml1/DTD/xhtml1-transitional.dtd">
<html xmlns="http://www.w3.org/1999/xhtml" xml:lang="en" lang="en">
 <head>
  <title>
</title>
<meta http-equiv="Content-Type" content="text/html;charset=utf-8" />
  <meta name='ocr-system' content='tesseract 3.04.00' />
  <meta name='ocr-capabilities' content='ocr_page ocr_carea ocr_par ocr_line ocrx_word'/>
</head>
<body>
  <div class='ocr_page' id='page_1' title='image "./venerabilisbeda00bedegoog_0169.png"; bbox 0 0 2850 4890; ppageno 0'>
   <div class='ocr_carea' id='block_1_1' title="bbox 241 335 913 414">
    <p class='ocr_par' dir='ltr' id='par_1_1' title="bbox 241 335 913 414">
     <span class='ocr_line' id='line_1_1' title="bbox 241 335 913 414; baseline -0.001 -13"><span class='ocrx_word' id='word_1_1' title='bbox 241 335 306 402; x_wconf 76' lang='grc'>148</span> <span class='ocrx_word' id='word_1_2' title='bbox 531 351 622 401; x_wconf 74' lang='lat' dir='ltr'>vrrs</span> <span class='ocrx_word' id='word_1_3' title='bbox 640 353 670 402; x_wconf 92' lang='lat' dir='ltr'>s.</span> <span class='ocrx_word' id='word_1_4' title='bbox 689 350 913 414; x_wconf 83' lang='lat' dir='ltr'>sunsnrcrr,</span> 
     </span>
    </p>
   </div>
   <div class='ocr_carea' id='block_1_2' title="bbox 70 495 1255 2117">
    <p class='ocr_par' dir='ltr' id='par_1_2' title="bbox 70 495 1255 2117">
     <span class='ocr_line' id='line_1_2' title="bbox 70 495 1206 596; baseline -0.005 -21"><span class='ocrx_word' id='word_1_5' title='bbox 70 518 222 571; x_wconf 58' lang='lat' dir='ltr'>ubter·</span> <span class='ocrx_word' id='word_1_6' title='bbox 243 510 361 576; x_wconf 91' lang='lat' dir='ltr'>nubilo</span> <span class='ocrx_word' id='word_1_7' title='bbox 386 495 452 577; x_wconf 89' lang='lat' dir='ltr'>sibi</span> <span class='ocrx_word' id='word_1_8' title='bbox 475 532 549 577; x_wconf 87' lang='lat' dir='ltr'>snae</span> <span class='ocrx_word' id='word_1_9' title='bbox 570 511 817 596; x_wconf 87' lang='lat' dir='ltr'>inquietudinis</span> <span class='ocrx_word' id='word_1_10' title='bbox 839 507 1060 576; x_wconf 81' lang='lat' dir='ltr'><strong>abscondere.</strong></span> <span class='ocrx_word' id='word_1_11' title='bbox 1104 504 1206 588; x_wconf 82' lang='lat' dir='ltr'>Saepe</span> 
     </span>
     <span class='ocr_line' id='line_1_3' title="bbox 244 607 1207 698; baseline -0.009 -20"><span class='ocrx_word' id='word_1_12' title='bbox 244 633 308 697; x_wconf 92' lang='lat' dir='ltr'>pro</span> <span class='ocrx_word' id='word_1_13' title='bbox 323 615 482 679; x_wconf 86' lang='lat' dir='ltr'>curandis</span> <span class='ocrx_word' id='word_1_14' title='bbox 497 615 694 680; x_wconf 89' lang='lat' dir='ltr'>monasterii</span> <span class='ocrx_word' id='word_1_15' title='bbox 707 613 853 698; x_wconf 86' lang='lat' dir='ltr'>negotiis</span> <span class='ocrx_word' id='word_1_16' title='bbox 866 611 992 676; x_wconf 88' lang='lat' dir='ltr'>alicubi</span> <span class='ocrx_word' id='word_1_17' title='bbox 1003 607 1207 692; x_wconf 83' lang='lat' dir='ltr'>digrediens,</span> 
     </span>
     <span class='ocr_line' id='line_1_4' title="bbox 246 707 1208 799; baseline -0.006 -21"><span class='ocrx_word' id='word_1_18' title='bbox 246 713 306 779; x_wconf 94' lang='lat' dir='ltr'>ubi</span> <span class='ocrx_word' id='word_1_19' title='bbox 321 724 503 799; x_wconf 88' lang='lat' dir='ltr'>operantes</span> <span class='ocrx_word' id='word_1_20' title='bbox 511 716 646 782; x_wconf 78' lang='lat' dir='ltr'>invenit</span> <span class='ocrx_word' id='word_1_21' title='bbox 655 716 808 794; x_wconf 85' lang='lat' dir='ltr'>Fratres,</span> <span class='ocrx_word' id='word_1_22' title='bbox 819 714 955 778; x_wconf 85' lang='lat' dir='ltr'>solebat</span> <span class='ocrx_word' id='word_1_23' title='bbox 965 711 1016 776; x_wconf 89' lang='lat' dir='ltr'>eis</span> <span class='ocrx_word' id='word_1_24' title='bbox 1027 707 1208 775; x_wconf 81' lang='lat' dir='ltr'>confestim</span> 
     </span>
     <span class='ocr_line' id='line_1_5' title="bbox 246 811 1209 903; baseline -0.006 -23"><span class='ocrx_word' id='word_1_25' title='bbox 246 816 283 880; x_wconf 92' lang='lat' dir='ltr'>in</span> <span class='ocrx_word' id='word_1_26' title='bbox 311 838 413 902; x_wconf 88' lang='lat' dir='ltr'>opere</span> <span class='ocrx_word' id='word_1_27' title='bbox 442 819 623 903; x_wconf 80' lang='lat' dir='ltr'>conjungi3</span> <span class='ocrx_word' id='word_1_28' title='bbox 649 819 705 884; x_wconf 90' lang='lat' dir='ltr'>vcl</span> <span class='ocrx_word' id='word_1_29' title='bbox 732 816 836 882; x_wconf 80' lang='lat' dir='ltr'>aratri</span> <span class='ocrx_word' id='word_1_30' title='bbox 861 833 1012 897; x_wconf 84' lang='lat' dir='ltr'>gressum</span> <span class='ocrx_word' id='word_1_31' title='bbox 1039 811 1134 877; x_wconf 89' lang='lat' dir='ltr'>stiva</span> <span class='ocrx_word' id='word_1_32' title='bbox 1157 828 1209 874; x_wconf 89' lang='lat' dir='ltr'>re-</span> 
     </span>
     <span class='ocr_line' id='line_1_6' title="bbox 248 911 1249 1001; baseline -0.01 -19"><span class='ocrx_word' id='word_1_33' title='bbox 248 919 369 1000; x_wconf 79' lang='lat' dir='ltr'>gendo,</span> <span class='ocrx_word' id='word_1_34' title='bbox 397 920 453 1001; x_wconf 83' lang='lat' dir='ltr'>vel</span> <span class='ocrx_word' id='word_1_35' title='bbox 480 920 607 985; x_wconf 86' lang='lat' dir='ltr'>ferrum</span> <span class='ocrx_word' id='word_1_36' title='bbox 632 919 756 984; x_wconf 90' lang='lat' dir='ltr'>malleo</span> <span class='ocrx_word' id='word_1_37' title='bbox 780 916 963 993; x_wconf 88' lang='lat' dir='ltr'>domando,</span> <span class='ocrx_word' id='word_1_38' title='bbox 984 914 1040 979; x_wconf 88' lang='lat' dir='ltr'>vel</span> <span class='ocrx_word' id='word_1_39' title='bbox 1065 911 1210 978; x_wconf 81' lang='lat' dir='ltr'>ventila·</span> <span class='ocrx_word' id='word_1_40' title='bbox 1235 928 1249 972; x_wconf 80' lang='lat' dir='ltr'>s</span> 
     </span>
     <span class='ocr_line' id='line_1_7' title="bbox 247 1014 1210 1100; baseline -0.004 -18"><span class='ocrx_word' id='word_1_41' title='bbox 247 1020 346 1082; x_wconf 88' lang='lat' dir='ltr'>brum</span> <span class='ocrx_word' id='word_1_42' title='bbox 369 1039 474 1085; x_wconf 89' lang='lat' dir='ltr'>manu</span> <span class='ocrx_word' id='word_1_43' title='bbox 496 1021 734 1099; x_wconf 89' lang='lat' dir='ltr'>concutiendo,</span> <span class='ocrx_word' id='word_1_44' title='bbox 757 1019 812 1084; x_wconf 84' lang='lat' dir='ltr'>vel</span> <span class='ocrx_word' id='word_1_45' title='bbox 834 1017 928 1083; x_wconf 89' lang='lat' dir='ltr'>alind</span> <span class='ocrx_word' id='word_1_46' title='bbox 952 1016 1035 1100; x_wconf 90' lang='lat' dir='ltr'>quid</span> <span class='ocrx_word' id='word_1_47' title='bbox 1057 1014 1129 1080; x_wconf 87' lang='lat' dir='ltr'>tale</span> <span class='ocrx_word' id='word_1_48' title='bbox 1152 1034 1210 1096; x_wconf 85' lang='lat' dir='ltr'>ge·</span> 
     </span>
     <span class='ocr_line' id='line_1_8' title="bbox 248 1117 1211 1202; baseline -0.006 -19"><span class='ocrx_word' id='word_1_49' title='bbox 248 1119 362 1184; x_wconf 88' lang='lat' dir='ltr'>rendo.</span> <span class='ocrx_word' id='word_1_50' title='bbox 416 1121 501 1187; x_wconf 86' lang='lat' dir='ltr'>Erat</span> <span class='ocrx_word' id='word_1_51' title='bbox 530 1122 620 1187; x_wconf 90' lang='lat' dir='ltr'>enim</span> <span class='ocrx_word' id='word_1_52' title='bbox 648 1130 683 1186; x_wconf 90' lang='lat' dir='ltr'>et</span> <span class='ocrx_word' id='word_1_53' title='bbox 711 1122 840 1187; x_wconf 88' lang='lat' dir='ltr'>viribus</span> <span class='ocrx_word' id='word_1_54' title='bbox 870 1119 970 1183; x_wconf 79' lang='lat' dir='ltr'>fortis</span> <span class='ocrx_word' id='word_1_55' title='bbox 993 1117 1147 1202; x_wconf 87' lang='lat' dir='ltr'>juvenis,</span> <span class='ocrx_word' id='word_1_56' title='bbox 1176 1120 1211 1178; x_wconf 88' lang='lat' dir='ltr'>et</span> 
     </span>
     <span class='ocr_line' id='line_1_9' title="bbox 248 1217 1211 1305; baseline -0.003 -21"><span class='ocrx_word' id='word_1_57' title='bbox 248 1221 368 1303; x_wconf 83' lang='lat' dir='ltr'>lingua</span> <span class='ocrx_word' id='word_1_58' title='bbox 386 1223 525 1305; x_wconf 88' lang='lat' dir='ltr'>suavis;</span> <span class='ocrx_word' id='word_1_59' title='bbox 553 1225 614 1288; x_wconf 90' lang='lat' dir='ltr'>sed</span> <span class='ocrx_word' id='word_1_60' title='bbox 635 1232 670 1288; x_wconf 90' lang='lat' dir='ltr'>et</span> <span class='ocrx_word' id='word_1_61' title='bbox 690 1224 806 1288; x_wconf 91' lang='lat' dir='ltr'>animo</span> <span class='ocrx_word' id='word_1_62' title='bbox 829 1222 961 1299; x_wconf 91' lang='lat' dir='ltr'>hilaris,</span> <span class='ocrx_word' id='word_1_63' title='bbox 984 1227 1020 1285; x_wconf 89' lang='lat' dir='ltr'>et</span> <span class='ocrx_word' id='word_1_64' title='bbox 1044 1217 1211 1284; x_wconf 88' lang='lat' dir='ltr'>beneficio</span> 
     </span>
     <span class='ocr_line' id='line_1_10' title="bbox 249 1319 1212 1408; baseline -0.003 -23"><span class='ocrx_word' id='word_1_65' title='bbox 249 1322 377 1405; x_wconf 83' lang='lat' dir='ltr'>largus,</span> <span class='ocrx_word' id='word_1_66' title='bbox 391 1329 426 1388; x_wconf 91' lang='lat' dir='ltr'>et</span> <span class='ocrx_word' id='word_1_67' title='bbox 441 1323 606 1389; x_wconf 89' lang='lat' dir='ltr'>honestus</span> <span class='ocrx_word' id='word_1_68' title='bbox 632 1332 786 1408; x_wconf 88' lang='lat' dir='ltr'>aspectu.</span> <span class='ocrx_word' id='word_1_69' title='bbox 831 1322 1050 1405; x_wconf 84' lang='lat' dir='ltr'>Eodemque</span> <span class='ocrx_word' id='word_1_70' title='bbox 1071 1319 1212 1384; x_wconf 88' lang='lat' dir='ltr'>Fratres</span> 
     </span>
     <span class='ocr_line' id='line_1_11' title="bbox 250 1421 1250 1510; baseline -0.006 -22"><span class='ocrx_word' id='word_1_71' title='bbox 250 1425 355 1489; x_wconf 90' lang='lat' dir='ltr'>ceteri</span> <span class='ocrx_word' id='word_1_72' title='bbox 379 1423 468 1503; x_wconf 91' lang='lat' dir='ltr'>cibo,</span> <span class='ocrx_word' id='word_1_73' title='bbox 496 1445 629 1510; x_wconf 87' lang='lat' dir='ltr'>semper</span> <span class='ocrx_word' id='word_1_74' title='bbox 657 1426 777 1491; x_wconf 89' lang='lat' dir='ltr'>eadem</span> <span class='ocrx_word' id='word_1_75' title='bbox 801 1426 1005 1491; x_wconf 87' lang='lat' dir='ltr'>vescebatur</span> <span class='ocrx_word' id='word_1_76' title='bbox 1031 1423 1068 1486; x_wconf 92' lang='lat' dir='ltr'>in</span> <span class='ocrx_word' id='word_1_77' title='bbox 1095 1421 1209 1496; x_wconf 91' lang='lat' dir='ltr'>domo,</span> <span class='ocrx_word' id='word_1_78' title='bbox 1222 1436 1250 1482; x_wconf 86' lang='grc' dir='ltr'>ιο</span> 
     </span>
     <span class='ocr_line' id='line_1_12' title="bbox 250 1521 1213 1611; baseline -0.003 -22"><span class='ocrx_word' id='word_1_79' title='bbox 250 1525 327 1608; x_wconf 89' lang='lat' dir='ltr'>ipso</span> <span class='ocrx_word' id='word_1_80' title='bbox 342 1546 411 1609; x_wconf 90' lang='lat' dir='ltr'>qno</span> <span class='ocrx_word' id='word_1_81' title='bbox 426 1526 522 1610; x_wconf 89' lang='lat' dir='ltr'>prins</span> <span class='ocrx_word' id='word_1_82' title='bbox 538 1547 642 1611; x_wconf 90' lang='lat' dir='ltr'>qnam</span> <span class='ocrx_word' id='word_1_83' title='bbox 657 1530 765 1593; x_wconf 92' lang='lat' dir='ltr'>abbas</span> <span class='ocrx_word' id='word_1_84' title='bbox 785 1535 879 1592; x_wconf 89' lang='lat' dir='ltr'>esset</span> <span class='ocrx_word' id='word_1_85' title='bbox 896 1524 1069 1591; x_wconf 88' lang='lat' dir='ltr'>communi</span> <span class='ocrx_word' id='word_1_86' title='bbox 1087 1521 1213 1588; x_wconf 88' lang='lat' dir='ltr'>dormi-</span> 
     </span>
     <span class='ocr_line' id='line_1_13' title="bbox 252 1628 1214 1709; baseline -0.003 -19"><span class='ocrx_word' id='word_1_87' title='bbox 252 1628 334 1691; x_wconf 88' lang='lat' dir='ltr'>ebat</span> <span class='ocrx_word' id='word_1_88' title='bbox 358 1628 396 1690; x_wconf 94' lang='lat' dir='ltr'>in</span> <span class='ocrx_word' id='word_1_89' title='bbox 418 1628 507 1705; x_wconf 91' lang='lat' dir='ltr'>loco,</span> <span class='ocrx_word' id='word_1_90' title='bbox 533 1628 619 1693; x_wconf 89' lang='lat' dir='ltr'>adeo</span> <span class='ocrx_word' id='word_1_91' title='bbox 642 1636 683 1693; x_wconf 91' lang='lat' dir='ltr'>ut</span> <span class='ocrx_word' id='word_1_92' title='bbox 705 1629 810 1694; x_wconf 87' lang='lat' dir='ltr'>etiam</span> <span class='ocrx_word' id='word_1_93' title='bbox 835 1629 953 1692; x_wconf 91' lang='lat' dir='ltr'>morbo</span> <span class='ocrx_word' id='word_1_94' title='bbox 977 1631 1155 1709; x_wconf 90' lang='lat' dir='ltr'>correptus</span> <span class='ocrx_word' id='word_1_95' title='bbox 1178 1630 1214 1687; x_wconf 88' lang='lat' dir='ltr'>et</span> 
     </span>
     <span class='ocr_line' id='line_1_14' title="bbox 254 1726 1213 1812; baseline -0.001 -21"><span class='ocrx_word' id='word_1_96' title='bbox 254 1728 368 1793; x_wconf 90' lang='lat' dir='ltr'>obitus</span> <span class='ocrx_word' id='word_1_97' title='bbox 398 1730 453 1793; x_wconf 90' lang='lat' dir='ltr'>sui</span> <span class='ocrx_word' id='word_1_98' title='bbox 482 1730 585 1794; x_wconf 90' lang='lat' dir='ltr'>certis</span> <span class='ocrx_word' id='word_1_99' title='bbox 613 1751 658 1795; x_wconf 89' lang='lat' dir='ltr'>ex</span> <span class='ocrx_word' id='word_1_100' title='bbox 686 1731 793 1812; x_wconf 83' lang='lat' dir='ltr'>signis</span> <span class='ocrx_word' id='word_1_101' title='bbox 817 1729 892 1812; x_wconf 90' lang='lat' dir='ltr'>jam</span> <span class='ocrx_word' id='word_1_102' title='bbox 919 1728 1098 1812; x_wconf 87' lang='lat' dir='ltr'>praescius,</span> <span class='ocrx_word' id='word_1_103' title='bbox 1125 1726 1213 1791; x_wconf 91' lang='lat' dir='ltr'>duos</span> 
     </span>
     <span class='ocr_line' id='line_1_15' title="bbox 254 1827 1215 1913; baseline -0.001 -21"><span class='ocrx_word' id='word_1_104' title='bbox 254 1829 366 1894; x_wconf 92' lang='lat' dir='ltr'>adhuc</span> <span class='ocrx_word' id='word_1_105' title='bbox 378 1830 451 1895; x_wconf 89' lang='lat' dir='ltr'>dics</span> <span class='ocrx_word' id='word_1_106' title='bbox 463 1831 499 1895; x_wconf 93' lang='lat' dir='ltr'>in</span> <span class='ocrx_word' id='word_1_107' title='bbox 512 1832 709 1897; x_wconf 89' lang='lat' dir='ltr'>dormitorio</span> <span class='ocrx_word' id='word_1_108' title='bbox 720 1831 878 1897; x_wconf 88' lang='lat' dir='ltr'>Fratrum</span> <span class='ocrx_word' id='word_1_109' title='bbox 886 1832 1088 1913; x_wconf 86' lang='lat' dir='ltr'>quiesceret.</span> <span class='ocrx_word' id='word_1_110' title='bbox 1121 1827 1215 1892; x_wconf 92' lang='lat' dir='ltr'>Nam</span> 
     </span>
     <span class='ocr_line' id='line_1_16' title="bbox 254 1929 1255 2016; baseline -0.001 -24"><span class='ocrx_word' id='word_1_111' title='bbox 254 1929 404 2013; x_wconf 89' lang='lat' dir='ltr'>quinque</span> <span class='ocrx_word' id='word_1_112' title='bbox 430 1931 580 2015; x_wconf 89' lang='lat' dir='ltr'>reliquos</span> <span class='ocrx_word' id='word_1_113' title='bbox 604 1953 714 2016; x_wconf 89' lang='lat' dir='ltr'>usqne</span> <span class='ocrx_word' id='word_1_114' title='bbox 738 1933 782 1997; x_wconf 93' lang='lat' dir='ltr'>ad</span> <span class='ocrx_word' id='word_1_115' title='bbox 802 1932 918 1997; x_wconf 83' lang='lat' dir='ltr'>exitus</span> <span class='ocrx_word' id='word_1_116' title='bbox 941 1931 1060 1996; x_wconf 92' lang='lat' dir='ltr'>boram</span> <span class='ocrx_word' id='word_1_117' title='bbox 1081 1929 1157 1994; x_wconf 89' lang='lat' dir='ltr'>dies</span> <span class='ocrx_word' id='word_1_118' title='bbox 1179 1929 1216 1992; x_wconf 92' lang='lat' dir='ltr'>in</span> <span class='ocrx_word' id='word_1_119' title='bbox 1227 1947 1255 1992; x_wconf 82' lang='lat' dir='ltr'>rs</span> 
     </span>
     <span class='ocr_line' id='line_1_17' title="bbox 255 2032 1217 2117; baseline 0.003 -24"><span class='ocrx_word' id='word_1_120' title='bbox 255 2032 428 2096; x_wconf 89' lang='lat' dir='ltr'>secretiori</span> <span class='ocrx_word' id='word_1_121' title='bbox 452 2053 489 2097; x_wconf 91' lang='lat' dir='ltr'>se</span> <span class='ocrx_word' id='word_1_122' title='bbox 515 2035 589 2099; x_wconf 88' lang='lat' dir='ltr'>aede</span> <span class='ocrx_word' id='word_1_123' title='bbox 614 2035 771 2115; x_wconf 84' lang='lat' dir='ltr'>locabat3</span> <span class='ocrx_word' id='word_1_124' title='bbox 794 2033 938 2117; x_wconf 89' lang='lat' dir='ltr'>quadie</span> <span class='ocrx_word' id='word_1_125' title='bbox 957 2032 1217 2116; x_wconf 87' lang='lat' dir='ltr'>quadamegre·</span> 
     </span>
    </p>
   </div>
   <div class='ocr_carea' id='block_1_3' title="bbox 256 2131 1219 2421">
    <p class='ocr_par' dir='ltr' id='par_1_3' title="bbox 256 2131 1219 2421">
     <span class='ocr_line' id='line_1_18' title="bbox 256 2131 1217 2215; baseline 0.003 -20"><span class='ocrx_word' id='word_1_126' title='bbox 256 2131 365 2211; x_wconf 90' lang='lat' dir='ltr'>diens,</span> <span class='ocrx_word' id='word_1_127' title='bbox 380 2142 416 2199; x_wconf 89' lang='lat' dir='ltr'>et</span> <span class='ocrx_word' id='word_1_128' title='bbox 436 2137 500 2199; x_wconf 91' lang='lat' dir='ltr'>sub</span> <span class='ocrx_word' id='word_1_129' title='bbox 516 2136 596 2201; x_wconf 91' lang='lat' dir='ltr'>divo</span> <span class='ocrx_word' id='word_1_130' title='bbox 610 2136 776 2215; x_wconf 89' lang='lat' dir='ltr'>residens,</span> <span class='ocrx_word' id='word_1_131' title='bbox 791 2135 912 2200; x_wconf 89' lang='lat' dir='ltr'>accitis</span> <span class='ocrx_word' id='word_1_132' title='bbox 926 2134 970 2199; x_wconf 91' lang='lat' dir='ltr'>ad</span> <span class='ocrx_word' id='word_1_133' title='bbox 985 2154 1023 2199; x_wconf 89' lang='lat' dir='ltr'>se</span> <span class='ocrx_word' id='word_1_134' title='bbox 1038 2133 1217 2199; x_wconf 84' lang='lat' dir='ltr'>Fratribus</span> 
     </span>
     <span class='ocr_line' id='line_1_19' title="bbox 256 2235 1218 2319; baseline 0.001 -22"><span class='ocrx_word' id='word_1_135' title='bbox 256 2236 401 2314; x_wconf 91' lang='lat' dir='ltr'>cunctis,</span> <span class='ocrx_word' id='word_1_136' title='bbox 420 2256 513 2302; x_wconf 89' lang='lat' dir='ltr'>more</span> <span class='ocrx_word' id='word_1_137' title='bbox 532 2243 666 2303; x_wconf 86' lang='lat' dir='ltr'>naturae</span> <span class='ocrx_word' id='word_1_138' title='bbox 689 2236 919 2302; x_wconf 89' lang='lat' dir='ltr'>misericordis</span> <span class='ocrx_word' id='word_1_139' title='bbox 941 2235 1097 2300; x_wconf 91' lang='lat' dir='ltr'>osculum</span> <span class='ocrx_word' id='word_1_140' title='bbox 1118 2235 1218 2319; x_wconf 91' lang='lat' dir='ltr'>pacis</span> 
     </span>
     <span class='ocr_line' id='line_1_20' title="bbox 256 2337 1219 2421; baseline 0.003 -21"><span class='ocrx_word' id='word_1_141' title='bbox 256 2337 307 2401; x_wconf 90' lang='lat' dir='ltr'>eis</span> <span class='ocrx_word' id='word_1_142' title='bbox 320 2337 481 2404; x_wconf 87' lang='lat' dir='ltr'>flentibus</span> <span class='ocrx_word' id='word_1_143' title='bbox 497 2359 538 2404; x_wconf 92' lang='lat' dir='ltr'>ac</span> <span class='ocrx_word' id='word_1_144' title='bbox 553 2339 596 2404; x_wconf 88' lang='lat' dir='ltr'>de</span> <span class='ocrx_word' id='word_1_145' title='bbox 612 2340 776 2404; x_wconf 86' lang='lat' dir='ltr'>abscessu</span> <span class='ocrx_word' id='word_1_146' title='bbox 792 2339 881 2404; x_wconf 89' lang='lat' dir='ltr'>tanti</span> <span class='ocrx_word' id='word_1_147' title='bbox 894 2337 1004 2421; x_wconf 89' lang='lat' dir='ltr'>patris</span> <span class='ocrx_word' id='word_1_148' title='bbox 1018 2343 1054 2401; x_wconf 90' lang='lat' dir='ltr'>et</span> <span class='ocrx_word' id='word_1_149' title='bbox 1066 2337 1219 2421; x_wconf 88' lang='lat' dir='ltr'>pastoris</span> 
     </span>
    </p>
   </div>
   <div class='ocr_carea' id='block_1_4' title="bbox 91 2437 1267 3948">
    <p class='ocr_par' dir='ltr' id='par_1_4' title="bbox 91 2437 1267 3948">
     <span class='ocr_line' id='line_1_21' title="bbox 257 2437 1259 2524; baseline -0.001 -22"><span class='ocrx_word' id='word_1_150' title='bbox 257 2441 480 2505; x_wconf 89' lang='lat' dir='ltr'>moerentibus</span> <span class='ocrx_word' id='word_1_151' title='bbox 504 2441 608 2506; x_wconf 85' lang='lat' dir='ltr'>dedit.</span> <span class='ocrx_word' id='word_1_152' title='bbox 653 2441 749 2507; x_wconf 91' lang='lat' dir='ltr'>Obiit</span> <span class='ocrx_word' id='word_1_153' title='bbox 773 2448 889 2506; x_wconf 90' lang='lat' dir='ltr'>autem</span> <span class='ocrx_word' id='word_1_154' title='bbox 906 2461 969 2524; x_wconf 90' lang='lat' dir='ltr'>per</span> <span class='ocrx_word' id='word_1_155' title='bbox 988 2458 1098 2504; x_wconf 91' lang='lat' dir='ltr'>nonas</span> <span class='ocrx_word' id='word_1_156' title='bbox 1124 2437 1259 2502; x_wconf 80' lang='lat' dir='ltr'>Mar-ao</span> 
     </span>
     <span class='ocr_line' id='line_1_22' title="bbox 258 2541 1219 2627; baseline 0.001 -22"><span class='ocrx_word' id='word_1_157' title='bbox 258 2541 338 2620; x_wconf 90' lang='lat' dir='ltr'>tias,</span> <span class='ocrx_word' id='word_1_158' title='bbox 357 2551 473 2621; x_wconf 89' lang='lat' dir='ltr'>noctu,</span> <span class='ocrx_word' id='word_1_159' title='bbox 494 2544 672 2608; x_wconf 89' lang='lat' dir='ltr'>Fratribus</span> <span class='ocrx_word' id='word_1_160' title='bbox 694 2545 872 2609; x_wconf 87' lang='lat' dir='ltr'>matutinae</span> <span class='ocrx_word' id='word_1_161' title='bbox 895 2542 1099 2627; x_wconf 78' lang='lat' dir='ltr'>psalmodiae</span> <span class='ocrx_word' id='word_1_162' title='bbox 1116 2541 1219 2606; x_wconf 89' lang='lat' dir='ltr'>laude</span> 
     </span>
     <span class='ocr_line' id='line_1_23' title="bbox 259 2645 1221 2730; baseline 0 -23"><span class='ocrx_word' id='word_1_163' title='bbox 259 2645 474 2710; x_wconf 72' lang='lat' dir='ltr'>vacantibus,</span> <span class='ocrx_word' id='word_1_164' title='bbox 518 2645 652 2730; x_wconf 82' lang='lat' dir='ltr'>Viginti</span> <span class='ocrx_word' id='word_1_165' title='bbox 676 2653 826 2730; x_wconf 90' lang='lat' dir='ltr'>quatuor</span> <span class='ocrx_word' id='word_1_166' title='bbox 851 2664 1016 2711; x_wconf 89' lang='lat' dir='ltr'>annorum</span> <span class='ocrx_word' id='word_1_167' title='bbox 1041 2650 1221 2708; x_wconf 67' lang='lat' dir='ltr'>erat‘cum</span> 
     </span>
     <span class='ocr_line' id='line_1_24' title="bbox 260 2745 1222 2831; baseline 0 -23"><span class='ocrx_word' id='word_1_168' title='bbox 260 2748 506 2812; x_wconf 89' lang='lat' dir='ltr'>monasterinm</span> <span class='ocrx_word' id='word_1_169' title='bbox 527 2756 669 2831; x_wconf 91' lang='lat' dir='ltr'>peteret,</span> <span class='ocrx_word' id='word_1_170' title='bbox 685 2747 868 2813; x_wconf 89' lang='lat' dir='ltr'>duodecim</span> <span class='ocrx_word' id='word_1_171' title='bbox 886 2747 925 2811; x_wconf 92' lang='lat' dir='ltr'>in</span> <span class='ocrx_word' id='word_1_172' title='bbox 944 2765 986 2811; x_wconf 89' lang='lat' dir='ltr'>eo</span> <span class='ocrx_word' id='word_1_173' title='bbox 1004 2745 1095 2811; x_wconf 84' lang='lat' dir='ltr'>vixit</span> <span class='ocrx_word' id='word_1_174' title='bbox 1108 2745 1222 2823; x_wconf 88' lang='lat' dir='ltr'>annis,</span> 
     </span>
     <span class='ocr_line' id='line_1_25' title="bbox 261 2849 1224 2933; baseline -0.003 -20"><span class='ocrx_word' id='word_1_175' title='bbox 261 2857 395 2932; x_wconf 90' lang='lat' dir='ltr'>septem</span> <span class='ocrx_word' id='word_1_176' title='bbox 414 2850 652 2933; x_wconf 90' lang='lat' dir='ltr'>presbyteratu</span> <span class='ocrx_word' id='word_1_177' title='bbox 670 2849 810 2915; x_wconf 86' lang='lat' dir='ltr'>functus</span> <span class='ocrx_word' id='word_1_178' title='bbox 825 2857 880 2914; x_wconf 89' lang='lat' dir='ltr'>est</span> <span class='ocrx_word' id='word_1_179' title='bbox 893 2849 1004 2927; x_wconf 88' lang='lat' dir='ltr'>amris,</span> <span class='ocrx_word' id='word_1_180' title='bbox 1017 2855 1166 2931; x_wconf 91' lang='lat' dir='ltr'>quatuor</span> <span class='ocrx_word' id='word_1_181' title='bbox 1178 2867 1224 2912; x_wconf 87' lang='lat' dir='ltr'>ex</span> 
     </span>
     <span class='ocr_line' id='line_1_26' title="bbox 262 2949 1263 3033; baseline -0.002 -19"><span class='ocrx_word' id='word_1_182' title='bbox 262 2950 312 3015; x_wconf 89' lang='lat' dir='ltr'>eis</span> <span class='ocrx_word' id='word_1_183' title='bbox 340 2951 537 3014; x_wconf 89' lang='lat' dir='ltr'>monasterii</span> <span class='ocrx_word' id='word_1_184' title='bbox 563 2950 714 3032; x_wconf 87' lang='lat' dir='ltr'>regimen</span> <span class='ocrx_word' id='word_1_185' title='bbox 743 2952 885 3033; x_wconf 84' lang='lat' dir='ltr'>agebat3</span> <span class='ocrx_word' id='word_1_186' title='bbox 919 2969 960 3014; x_wconf 91' lang='lat' dir='ltr'>ac</span> <span class='ocrx_word' id='word_1_187' title='bbox 988 2949 1041 3014; x_wconf 90' lang='lat' dir='ltr'>sic</span> <span class='ocrx_word' id='word_1_188' title='bbox 1070 2956 1223 3014; x_wconf 90' lang='lat' dir='ltr'>terrenos</span> <span class='ocrx_word' id='word_1_189' title='bbox 1233 2967 1263 3013; x_wconf 80' lang='lat' dir='ltr'>rs</span> 
     </span>
     <span class='ocr_line' id='line_1_27' title="bbox 263 3051 1225 3136; baseline 0.002 -21"><span class='ocrx_word' id='word_1_190' title='bbox 263 3058 358 3115; x_wconf 88' lang='lat' dir='ltr'>artus</span> <span class='ocrx_word' id='word_1_191' title='bbox 378 3051 647 3135; x_wconf 88' lang='lat' dir='ltr'>moribundaque</span> <span class='ocrx_word' id='word_1_192' title='bbox 666 3054 816 3118; x_wconf 90' lang='lat' dir='ltr'>membra</span> <span class='ocrx_word' id='word_1_193' title='bbox 834 3053 1043 3136; x_wconf 88' lang='lat' dir='ltr'>relinquens,</span> <span class='ocrx_word' id='word_1_194' title='bbox 1063 3052 1225 3118; x_wconf 89' lang='lat' dir='ltr'>coelestia</span> 
     </span>
     <span class='ocr_line' id='line_1_28' title="bbox 262 3150 514 3234; baseline 0.016 -21"><span class='ocrx_word' id='word_1_195' title='bbox 262 3169 367 3233; x_wconf 85' lang='lat' dir='ltr'>regna</span> <span class='ocrx_word' id='word_1_196' title='bbox 379 3150 514 3234; x_wconf 88' lang='lat' dir='ltr'>petivit.</span> 
     </span>
     <span class='ocr_line' id='line_1_29' title="bbox 306 3252 1224 3340; baseline 0.004 -24"><span class='ocrx_word' id='word_1_197' title='bbox 306 3252 369 3335; x_wconf 85' lang='lat'>§9.</span> <span class='ocrx_word' id='word_1_198' title='bbox 391 3253 521 3318; x_wconf 90' lang='lat' dir='ltr'>Verum</span> <span class='ocrx_word' id='word_1_199' title='bbox 539 3254 592 3319; x_wconf 89' lang='lat' dir='ltr'>his</span> <span class='ocrx_word' id='word_1_200' title='bbox 613 3256 655 3320; x_wconf 96' lang='lat' dir='ltr'>de</span> <span class='ocrx_word' id='word_1_201' title='bbox 674 3257 748 3321; x_wconf 90' lang='lat' dir='ltr'>vita</span> <span class='ocrx_word' id='word_1_202' title='bbox 765 3255 971 3321; x_wconf 87' lang='lat' dir='ltr'>venerabilis</span> <span class='ocrx_word' id='word_1_203' title='bbox 993 3254 1224 3340; x_wconf 86' lang='lat' dir='ltr'>AEosterwyni</span> 
     </span>
     <span class='ocr_line' id='line_1_30' title="bbox 91 3354 1224 3440; baseline 0.003 -23"><span class='ocrx_word' id='word_1_204' title='bbox 91 3354 173 3433; x_wconf 56' lang='lat'><strong>&#39;3¹⁰2</strong></span> <span class='ocrx_word' id='word_1_205' title='bbox 183 3354 219 3382; x_wconf 76' lang='lat'>⁸¹⁸</span> <span class='ocrx_word' id='word_1_206' title='bbox 265 3355 413 3419; x_wconf 88' lang='lat' dir='ltr'>breviter</span> <span class='ocrx_word' id='word_1_207' title='bbox 427 3356 628 3440; x_wconf 88' lang='lat' dir='ltr'>praelibatis,</span> <span class='ocrx_word' id='word_1_208' title='bbox 640 3359 818 3422; x_wconf 88' lang='lat' dir='ltr'>redeamus</span> <span class='ocrx_word' id='word_1_209' title='bbox 832 3358 876 3422; x_wconf 89' lang='lat' dir='ltr'>ad</span> <span class='ocrx_word' id='word_1_210' title='bbox 887 3357 1039 3422; x_wconf 90' lang='lat' dir='ltr'>ordinem</span> <span class='ocrx_word' id='word_1_211' title='bbox 1053 3358 1224 3422; x_wconf 89' lang='lat' dir='ltr'>narrandi.</span> 
     </span>
     <span class='ocr_line' id='line_1_31' title="bbox 266 3455 1267 3546; baseline 0.004 -26"><span class='ocrx_word' id='word_1_212' title='bbox 266 3455 466 3521; x_wconf 84' lang='lat' dir='ltr'>Constituto</span> <span class='ocrx_word' id='word_1_213' title='bbox 476 3457 536 3546; x_wconf 91' lang='lat' dir='ltr'>illo</span> <span class='ocrx_word' id='word_1_214' title='bbox 551 3459 677 3523; x_wconf 89' lang='lat' dir='ltr'>abbate</span> <span class='ocrx_word' id='word_1_215' title='bbox 690 3459 899 3524; x_wconf 89' lang='lat' dir='ltr'>Benedictus</span> <span class='ocrx_word' id='word_1_216' title='bbox 913 3458 1121 3523; x_wconf 91' lang='lat' dir='ltr'>monasterio</span> <span class='ocrx_word' id='word_1_217' title='bbox 1132 3460 1226 3524; x_wconf 88' lang='lat' dir='ltr'>beati</span> <span class='ocrx_word' id='word_1_218' title='bbox 1237 3477 1267 3523; x_wconf 82' lang='lat' dir='ltr'>oo</span> 
     </span>
     <span class='ocr_line' id='line_1_32' title="bbox 266 3557 1226 3642; baseline 0.003 -20"><span class='ocrx_word' id='word_1_219' title='bbox 266 3557 362 3622; x_wconf 90' lang='lat' dir='ltr'>Petri</span> <span class='ocrx_word' id='word_1_220' title='bbox 377 3557 550 3642; x_wconf 90' lang='lat' dir='ltr'>Apostoli,</span> <span class='ocrx_word' id='word_1_221' title='bbox 565 3561 756 3627; x_wconf 89' lang='lat' dir='ltr'>constituto</span> <span class='ocrx_word' id='word_1_222' title='bbox 772 3570 807 3626; x_wconf 93' lang='lat' dir='ltr'>et</span> <span class='ocrx_word' id='word_1_223' title='bbox 826 3561 998 3627; x_wconf 86' lang='lat' dir='ltr'>Ceolfrido</span> <span class='ocrx_word' id='word_1_224' title='bbox 1017 3562 1226 3627; x_wconf 87' lang='lat' dir='ltr'>monasterio</span> 
     </span>
     <span class='ocr_line' id='line_1_33' title="bbox 266 3660 1227 3748; baseline 0.003 -23"><span class='ocrx_word' id='word_1_225' title='bbox 266 3661 360 3725; x_wconf 90' lang='lat' dir='ltr'>beati</span> <span class='ocrx_word' id='word_1_226' title='bbox 374 3660 489 3738; x_wconf 92' lang='lat' dir='ltr'>Pauli,</span> <span class='ocrx_word' id='word_1_227' title='bbox 502 3681 571 3725; x_wconf 91' lang='lat' dir='ltr'>non</span> <span class='ocrx_word' id='word_1_228' title='bbox 583 3664 692 3728; x_wconf 89' lang='lat' dir='ltr'>multo</span> <span class='ocrx_word' id='word_1_229' title='bbox 707 3673 787 3748; x_wconf 91' lang='lat' dir='ltr'>post</span> <span class='ocrx_word' id='word_1_230' title='bbox 798 3665 961 3748; x_wconf 87' lang='lat' dir='ltr'>temporis</span> <span class='ocrx_word' id='word_1_231' title='bbox 975 3664 1090 3748; x_wconf 88' lang='lat' dir='ltr'>spatio</span> <span class='ocrx_word' id='word_1_232' title='bbox 1103 3664 1227 3745; x_wconf 90' lang='lat' dir='ltr'>quinta</span> 
     </span>
     <span class='ocr_line' id='line_1_34' title="bbox 267 3760 1226 3842; baseline 0.004 -16"><span class='ocrx_word' id='word_1_233' title='bbox 267 3761 343 3826; x_wconf 87' lang='lat' dir='ltr'>vice</span> <span class='ocrx_word' id='word_1_234' title='bbox 373 3760 417 3826; x_wconf 88' lang='lat' dir='ltr'>de</span> <span class='ocrx_word' id='word_1_235' title='bbox 444 3762 616 3828; x_wconf 89' lang='lat' dir='ltr'>Brittania</span> <span class='ocrx_word' id='word_1_236' title='bbox 640 3765 786 3830; x_wconf 89' lang='lat' dir='ltr'>Romam</span> <span class='ocrx_word' id='word_1_237' title='bbox 817 3766 1013 3842; x_wconf 90' lang='lat' dir='ltr'>adcurrens,</span> <span class='ocrx_word' id='word_1_238' title='bbox 1039 3765 1226 3830; x_wconf 88' lang='lat' dir='ltr'>innumeris</span> 
     </span>
     <span class='ocr_line' id='line_1_35' title="bbox 265 3859 1227 3948; baseline 0.006 -23"><span class='ocrx_word' id='word_1_239' title='bbox 265 3859 373 3946; x_wconf 89' lang='lat' dir='ltr'>(sicut</span> <span class='ocrx_word' id='word_1_240' title='bbox 384 3862 532 3948; x_wconf 90' lang='lat' dir='ltr'>semper)</span> <span class='ocrx_word' id='word_1_241' title='bbox 543 3865 852 3931; x_wconf 90' lang='lat' dir='ltr'>ecclesiasticorum</span> <span class='ocrx_word' id='word_1_242' title='bbox 865 3867 963 3930; x_wconf 92' lang='lat' dir='ltr'>donis</span> <span class='ocrx_word' id='word_1_243' title='bbox 975 3866 1227 3931; x_wconf 89' lang='lat' dir='ltr'>commodorum</span> 
     </span>
    </p>
   </div>
   <div class='ocr_carea' id='block_1_5' title="bbox 302 4106 1224 4244">
    <p class='ocr_par' dir='ltr' id='par_1_5' title="bbox 302 4106 1224 4244">
     <span class='ocr_line' id='line_1_36' title="bbox 314 4106 1224 4180; baseline 0.007 -22"><span class='ocrx_word' id='word_1_244' title='bbox 314 4106 433 4172; x_wconf 83' lang='lat' dir='ltr'>⁴Stinu.]</span> <span class='ocrx_word' id='word_1_245' title='bbox 450 4111 532 4172; x_wconf 71' lang='lat' dir='ltr'>saba,</span> <span class='ocrx_word' id='word_1_246' title='bbox 545 4111 603 4162; x_wconf 87' lang='lat' dir='ltr'>MS.</span> <span class='ocrx_word' id='word_1_247' title='bbox 766 4126 840 4162; x_wconf 82' lang='lat' dir='ltr'>rencs</span> <span class='ocrx_word' id='word_1_248' title='bbox 868 4113 898 4162; x_wconf 83' lang='lat' dir='ltr'>oi</span> <span class='ocrx_word' id='word_1_249' title='bbox 919 4113 1073 4180; x_wconf 82' lang='lat' dir='ltr'>worcester,</span> <span class='ocrx_word' id='word_1_250' title='bbox 1095 4114 1124 4163; x_wconf 91' lang='lat' dir='ltr'>in</span> <span class='ocrx_word' id='word_1_251' title='bbox 1147 4127 1175 4167; x_wconf 82' lang='grc' dir='ltr'>Α.</span> <span class='ocrx_word' id='word_1_252' title='bbox 1196 4128 1224 4165; x_wconf 84' lang='lat' dir='ltr'>n.</span> 
     </span>
     <span class='ocr_line' id='line_1_37' title="bbox 302 4175 823 4244; baseline 0.01 -17"><span class='ocrx_word' id='word_1_253' title='bbox 302 4175 323 4206; x_wconf 80' lang='lat'>³²</span> <span class='ocrx_word' id='word_1_254' title='bbox 341 4178 456 4244; x_wconf 74' lang='lat' dir='ltr'>Quinta]</span> <span class='ocrx_word' id='word_1_255' title='bbox 475 4180 621 4244; x_wconf 77' lang='lat' dir='ltr'>According</span> <span class='ocrx_word' id='word_1_256' title='bbox 630 4187 656 4231; x_wconf 88' lang='lat' dir='ltr'>to</span> <span class='ocrx_word' id='word_1_257' title='bbox 669 4183 728 4232; x_wconf 87' lang='lat' dir='ltr'>Flo·</span> <span class='ocrx_word' id='word_1_258' title='bbox 765 4186 823 4233; x_wconf 81' lang='grc'><strong>684.</strong></span> 
     </span>
    </p>
   </div>
   <div class='ocr_carea' id='block_1_6' title="bbox 0 0 1466 4890">
    <p class='ocr_par' dir='ltr' id='par_1_6' title="bbox 0 0 1466 4890">
     <span class='ocr_line' id='line_1_38' title="bbox 0 0 1466 4890; baseline 0 0"><span class='ocrx_word' id='word_1_259' title='bbox 0 0 1466 4890; x_wconf 95' lang='lat' dir='ltr'> </span> 
     </span>
    </p>
   </div>
  </div>
 </body>
</html>
