<?xml version="1.0" encoding="UTF-8"?>
<!DOCTYPE html PUBLIC "-//W3C//DTD XHTML 1.0 Transitional//EN"
    "http://www.w3.org/TR/xhtml1/DTD/xhtml1-transitional.dtd">
<html xmlns="http://www.w3.org/1999/xhtml" xml:lang="en" lang="en">
 <head>
  <title>
</title>
<meta http-equiv="Content-Type" content="text/html;charset=utf-8" />
  <meta name='ocr-system' content='tesseract 3.04.00' />
  <meta name='ocr-capabilities' content='ocr_page ocr_carea ocr_par ocr_line ocrx_word'/>
</head>
<body>
  <div class='ocr_page' id='page_1' title='image "./venerabilisbeda00bedegoog_0146.png"; bbox 0 0 2850 4890; ppageno 0'>
   <div class='ocr_carea' id='block_1_1' title="bbox 523 360 1208 429">
    <p class='ocr_par' dir='ltr' id='par_1_1' title="bbox 523 360 1208 429">
     <span class='ocr_line' id='line_1_1' title="bbox 523 360 1208 429; baseline -0.007 0"><span class='ocrx_word' id='word_1_1' title='bbox 523 380 704 429; x_wconf 71' lang='lat' dir='ltr'><strong>sacrorn</strong></span> <span class='ocrx_word' id='word_1_2' title='bbox 720 378 808 426; x_wconf 82' lang='lat' dir='ltr'><strong>vnn.</strong></span> <span class='ocrx_word' id='word_1_3' title='bbox 825 378 938 426; x_wconf 71' lang='lat' dir='ltr'><strong>uror.</strong></span> <span class='ocrx_word' id='word_1_4' title='bbox 1144 360 1208 425; x_wconf 76' lang='lat'><strong>125</strong></span> 
     </span>
    </p>
   </div>
   <div class='ocr_carea' id='block_1_2' title="bbox 221 533 1369 1210">
    <p class='ocr_par' dir='ltr' id='par_1_2' title="bbox 251 533 1369 620">
     <span class='ocr_line' id='line_1_2' title="bbox 251 533 1369 620; baseline -0.004 -17"><span class='ocrx_word' id='word_1_5' title='bbox 251 533 361 603; x_wconf 86' lang='lat' dir='ltr'><strong>turnae</strong></span> <span class='ocrx_word' id='word_1_6' title='bbox 390 539 556 604; x_wconf 89' lang='lat' dir='ltr'><strong>orationis</strong></span> <span class='ocrx_word' id='word_1_7' title='bbox 584 545 719 620; x_wconf 87' lang='lat' dir='ltr'><strong>tempus</strong></span> <span class='ocrx_word' id='word_1_8' title='bbox 749 539 881 615; x_wconf 81' lang='lat' dir='ltr'><strong>aderat,</strong></span> <span class='ocrx_word' id='word_1_9' title='bbox 910 535 1061 619; x_wconf 91' lang='lat' dir='ltr'><strong>acceptis</strong></span> <span class='ocrx_word' id='word_1_10' title='bbox 1098 556 1119 600; x_wconf 91' lang='lat' dir='ltr'><strong>a</strong></span> <span class='ocrx_word' id='word_1_11' title='bbox 1153 556 1206 600; x_wconf 91' lang='lat' dir='ltr'><strong>me</strong></span> <span class='ocrx_word' id='word_1_12' title='bbox 1225 541 1369 593; x_wconf 55' lang='lat' dir='ltr'><strong>mli-6⁸⁷.</strong></span> 
     </span>
    </p>

    <p class='ocr_par' dir='ltr' id='par_1_3' title="bbox 251 637 1207 721">
     <span class='ocr_line' id='line_1_3' title="bbox 251 637 1207 721; baseline -0.005 -17"><span class='ocrx_word' id='word_1_13' title='bbox 251 641 474 705; x_wconf 83' lang='lat' dir='ltr'><strong>sacramentis</strong></span> <span class='ocrx_word' id='word_1_14' title='bbox 493 641 714 716; x_wconf 86' lang='lat' dir='ltr'><strong>salutaribus,</strong></span> <span class='ocrx_word' id='word_1_15' title='bbox 734 639 864 703; x_wconf 84' lang='lat' dir='ltr'><strong>exitum</strong></span> <span class='ocrx_word' id='word_1_16' title='bbox 885 658 996 715; x_wconf 88' lang='lat' dir='ltr'><strong>suum,</strong></span> <span class='ocrx_word' id='word_1_17' title='bbox 1016 657 1118 720; x_wconf 89' lang='lat' dir='ltr'><strong>quem</strong></span> <span class='ocrx_word' id='word_1_18' title='bbox 1133 637 1207 721; x_wconf 92' lang='lat' dir='ltr'><strong>jam</strong></span> 
     </span>
    </p>

    <p class='ocr_par' dir='ltr' id='par_1_4' title="bbox 252 738 1207 823">
     <span class='ocr_line' id='line_1_4' title="bbox 252 738 1207 823; baseline -0.001 -20"><span class='ocrx_word' id='word_1_19' title='bbox 252 742 389 806; x_wconf 87' lang='lat' dir='ltr'><strong>venisse</strong></span> <span class='ocrx_word' id='word_1_20' title='bbox 408 743 578 823; x_wconf 89' lang='lat' dir='ltr'><strong>cognovit,</strong></span> <span class='ocrx_word' id='word_1_21' title='bbox 598 740 772 804; x_wconf 89' lang='lat' dir='ltr'><strong>Dominici</strong></span> <span class='ocrx_word' id='word_1_22' title='bbox 788 739 949 822; x_wconf 78' lang='lat' dir='ltr'>Corporis</span> <span class='ocrx_word' id='word_1_23' title='bbox 969 746 1003 802; x_wconf 90' lang='lat' dir='ltr'><strong>et</strong></span> <span class='ocrx_word' id='word_1_24' title='bbox 1023 738 1207 819; x_wconf 86' lang='lat' dir='ltr'><strong>Sanguinis</strong></span> 
     </span>
    </p>

    <p class='ocr_par' dir='ltr' id='par_1_5' title="bbox 221 841 1208 1024">
     <span class='ocr_line' id='line_1_5' title="bbox 252 841 1208 924; baseline -0.003 -18"><span class='ocrx_word' id='word_1_25' title='bbox 252 844 487 906; x_wconf 89' lang='lat' dir='ltr'><strong>communione</strong></span> <span class='ocrx_word' id='word_1_26' title='bbox 512 842 678 922; x_wconf 85' lang='lat' dir='ltr'><strong>munivit3</strong></span> <span class='ocrx_word' id='word_1_27' title='bbox 710 848 814 924; x_wconf 87' lang='lat' dir='ltr'><strong>atque</strong></span> <span class='ocrx_word' id='word_1_28' title='bbox 841 842 985 906; x_wconf 89' lang='lat' dir='ltr'><strong>elevatis</strong></span> <span class='ocrx_word' id='word_1_29' title='bbox 1012 841 1056 904; x_wconf 89' lang='lat' dir='ltr'><strong>ad</strong></span> <span class='ocrx_word' id='word_1_30' title='bbox 1082 842 1208 904; x_wconf 92' lang='lat' dir='ltr'><strong>coelum</strong></span> 
     </span>
     <span class='ocr_line' id='line_1_6' title="bbox 221 942 1207 1024; baseline -0.003 -16"><span class='ocrx_word' id='word_1_31' title='bbox 221 945 374 1021; x_wconf 74' lang='lat' dir='ltr'><strong>coculis,</strong></span> <span class='ocrx_word' id='word_1_32' title='bbox 400 943 622 1024; x_wconf 81' lang='lat' dir='ltr'><strong>extensisque</strong></span> <span class='ocrx_word' id='word_1_33' title='bbox 649 944 685 1005; x_wconf 94' lang='lat' dir='ltr'><strong>in</strong></span> <span class='ocrx_word' id='word_1_34' title='bbox 712 942 818 1005; x_wconf 89' lang='lat' dir='ltr'><strong>altum</strong></span> <span class='ocrx_word' id='word_1_35' title='bbox 844 943 1013 1018; x_wconf 89' lang='lat' dir='ltr'><strong>manibus,</strong></span> <span class='ocrx_word' id='word_1_36' title='bbox 1041 943 1207 1006; x_wconf 85' lang='lat' dir='ltr'><strong>intentam</strong></span> 
     </span>
    </p>

    <p class='ocr_par' dir='ltr' id='par_1_6' title="bbox 252 1043 1208 1127">
     <span class='ocr_line' id='line_1_7' title="bbox 252 1043 1208 1127; baseline -0.001 -19"><span class='ocrx_word' id='word_1_37' title='bbox 252 1045 410 1127; x_wconf 89' lang='lat' dir='ltr'><strong>supernis</strong></span> <span class='ocrx_word' id='word_1_38' title='bbox 421 1045 582 1109; x_wconf 89' lang='lat' dir='ltr'><strong>laudibus</strong></span> <span class='ocrx_word' id='word_1_39' title='bbox 594 1044 743 1108; x_wconf 87' lang='lat' dir='ltr'><strong>animam</strong></span> <span class='ocrx_word' id='word_1_40' title='bbox 756 1043 798 1107; x_wconf 92' lang='lat' dir='ltr'><strong>ad</strong></span> <span class='ocrx_word' id='word_1_41' title='bbox 811 1043 937 1125; x_wconf 92' lang='lat' dir='ltr'><strong>gaudia</strong></span> <span class='ocrx_word' id='word_1_42' title='bbox 950 1045 1044 1125; x_wconf 86' lang='lat' dir='ltr'><strong>regni</strong></span> <span class='ocrx_word' id='word_1_43' title='bbox 1056 1044 1208 1108; x_wconf 87' lang='lat' dir='ltr'><strong>coelestis</strong></span> 
     </span>
    </p>

    <p class='ocr_par' dir='ltr' id='par_1_7' title="bbox 252 1146 758 1210">
     <span class='ocr_line' id='line_1_8' title="bbox 252 1146 758 1210; baseline 0 -2"><span class='ocrx_word' id='word_1_44' title='bbox 252 1146 374 1210; x_wconf 85' lang='lat' dir='ltr'><strong>emisit.</strong></span> <span class='ocrx_word' id='word_1_45' title='bbox 754 1152 758 1156; x_wconf 83' lang='lat'>&#39;</span> 
     </span>
    </p>
   </div>
   <div class='ocr_carea' id='block_1_3' title="bbox 598 1380 862 1446">
    <p class='ocr_par' dir='ltr' id='par_1_8' title="bbox 598 1380 862 1446">
     <span class='ocr_line' id='line_1_9' title="bbox 598 1380 862 1446; baseline -0.008 0"><span class='ocrx_word' id='word_1_46' title='bbox 598 1380 759 1446; x_wconf 84' lang='lat' dir='ltr'><strong>CAPUT</strong></span> <span class='ocrx_word' id='word_1_47' title='bbox 782 1381 862 1446; x_wconf 86' lang='lat' dir='ltr'><strong>XL.</strong></span> 
     </span>
    </p>
   </div>
   <div class='ocr_carea' id='block_1_4' title="bbox 207 1551 1211 1843">
    <p class='ocr_par' dir='ltr' id='par_1_9' title="bbox 207 1551 1211 1843">
     <span class='ocr_line' id='line_1_10' title="bbox 255 1551 1208 1640; baseline -0.001 -23"><span class='ocrx_word' id='word_1_48' title='bbox 255 1551 413 1623; x_wconf 78' lang='lat' dir='ltr'><strong>Quomodo</strong></span> <span class='ocrx_word' id='word_1_49' title='bbox 417 1553 520 1640; x_wconf 80' lang='lat' dir='ltr'><strong>juxta</strong></span> <span class='ocrx_word' id='word_1_50' title='bbox 529 1552 730 1638; x_wconf 74' lang='lat' dir='ltr'><strong>prophetiam</strong></span> <span class='ocrx_word' id='word_1_51' title='bbox 744 1552 871 1638; x_wconf 82' lang='lat' dir='ltr'><strong>psalmi,</strong></span> <span class='ocrx_word' id='word_1_52' title='bbox 885 1574 982 1636; x_wconf 83' lang='lat' dir='ltr'><strong>qoem,</strong></span> <span class='ocrx_word' id='word_1_53' title='bbox 997 1574 1030 1616; x_wconf 85' lang='lat' dir='ltr'><strong>eo</strong></span> <span class='ocrx_word' id='word_1_54' title='bbox 1050 1554 1208 1632; x_wconf 83' lang='lat' dir='ltr'><strong>moriente,</strong></span> 
     </span>
     <span class='ocr_line' id='line_1_11' title="bbox 207 1650 1211 1741; baseline 0 -22"><span class='ocrx_word' id='word_1_55' title='bbox 207 1675 240 1719; x_wconf 88' lang='lat' dir='ltr'><strong>lo</strong></span> <span class='ocrx_word' id='word_1_56' title='bbox 298 1663 511 1734; x_wconf 82' lang='lat' dir='ltr'><strong>cantaverant,</strong></span> <span class='ocrx_word' id='word_1_57' title='bbox 539 1650 814 1740; x_wconf 82' lang='lat' dir='ltr'><strong>Lindisfornenses</strong></span> <span class='ocrx_word' id='word_1_58' title='bbox 842 1654 906 1717; x_wconf 83' lang='lat' dir='ltr'><strong>sint</strong></span> <span class='ocrx_word' id='word_1_59' title='bbox 936 1655 1122 1741; x_wconf 76' lang='lat' dir='ltr'><strong>impopnoti,</strong></span> <span class='ocrx_word' id='word_1_60' title='bbox 1154 1655 1211 1719; x_wconf 84' lang='lat' dir='ltr'><strong>sed</strong></span> 
     </span>
     <span class='ocr_line' id='line_1_12' title="bbox 296 1755 869 1843; baseline -0.003 -23"><span class='ocrx_word' id='word_1_61' title='bbox 296 1755 436 1820; x_wconf 83' lang='lat' dir='ltr'><strong>Domino</strong></span> <span class='ocrx_word' id='word_1_62' title='bbox 440 1756 587 1843; x_wconf 82' lang='lat' dir='ltr'><strong>jocante,</strong></span> <span class='ocrx_word' id='word_1_63' title='bbox 602 1758 713 1819; x_wconf 82' lang='lat' dir='ltr'><strong>iterum</strong></span> <span class='ocrx_word' id='word_1_64' title='bbox 721 1756 869 1842; x_wconf 84' lang='lat' dir='ltr'><strong>protecti.</strong></span> 
     </span>
    </p>
   </div>
   <div class='ocr_carea' id='block_1_5' title="bbox 210 1960 1384 2348">
    <p class='ocr_par' dir='ltr' id='par_1_10' title="bbox 244 1960 1384 2244">
     <span class='ocr_line' id='line_1_13' title="bbox 256 1960 1357 2044; baseline -0.004 -18"><span class='ocrx_word' id='word_1_65' title='bbox 256 1960 341 2044; x_wconf 76' lang='lat'><strong>§67⁸</strong></span> <span class='ocrx_word' id='word_1_66' title='bbox 364 1961 447 2025; x_wconf 87' lang='lat' dir='ltr'><strong>‘Ar</strong></span> <span class='ocrx_word' id='word_1_67' title='bbox 471 1980 534 2042; x_wconf 92' lang='lat' dir='ltr'><strong>ego</strong></span> <span class='ocrx_word' id='word_1_68' title='bbox 559 1962 677 2026; x_wconf 89' lang='lat' dir='ltr'><strong>statim</strong></span> <span class='ocrx_word' id='word_1_69' title='bbox 702 1980 871 2044; x_wconf 87' lang='lat' dir='ltr'><strong>egressus,</strong></span> <span class='ocrx_word' id='word_1_70' title='bbox 893 1962 1055 2026; x_wconf 87' lang='lat' dir='ltr'><strong>nunciavi</strong></span> <span class='ocrx_word' id='word_1_71' title='bbox 1079 1962 1208 2026; x_wconf 91' lang='lat' dir='ltr'><strong>obitum</strong></span> <span class='ocrx_word' id='word_1_72' title='bbox 1226 1983 1357 2024; x_wconf 66' lang='lat' dir='ltr'><strong>ruentem.</strong></span> 
     </span>
     <span class='ocr_line' id='line_1_14' title="bbox 254 2035 1384 2148; baseline -0.003 -22"><span class='ocrx_word' id='word_1_73' title='bbox 254 2062 330 2146; x_wconf 92' lang='lat' dir='ltr'><strong>ejus</strong></span> <span class='ocrx_word' id='word_1_74' title='bbox 346 2061 535 2138; x_wconf 85' lang='lat' dir='ltr'><strong>Fratribus,</strong></span> <span class='ocrx_word' id='word_1_75' title='bbox 551 2063 611 2145; x_wconf 93' lang='lat' dir='ltr'><strong>qui</strong></span> <span class='ocrx_word' id='word_1_76' title='bbox 629 2069 663 2126; x_wconf 90' lang='lat' dir='ltr'><strong>et</strong></span> <span class='ocrx_word' id='word_1_77' title='bbox 682 2062 749 2144; x_wconf 90' lang='lat' dir='ltr'><strong>ipsi</strong></span> <span class='ocrx_word' id='word_1_78' title='bbox 764 2070 899 2126; x_wconf 91' lang='lat' dir='ltr'><strong>noctem</strong></span> <span class='ocrx_word' id='word_1_79' title='bbox 914 2064 1089 2144; x_wconf 90' lang='lat' dir='ltr'><strong>vigilando</strong></span> <span class='ocrx_word' id='word_1_80' title='bbox 1105 2071 1208 2148; x_wconf 87' lang='lat' dir='ltr'><strong>atque</strong></span> <span class='ocrx_word' id='word_1_81' title='bbox 1227 2035 1384 2125; x_wconf 69' lang='lat' dir='ltr'><strong>liliililllf&#39;</strong></span> 
     </span>
     <span class='ocr_line' id='line_1_15' title="bbox 244 2162 1210 2244; baseline 0.003 -18"><span class='ocrx_word' id='word_1_82' title='bbox 244 2163 386 2226; x_wconf 75' lang='lat' dir='ltr'><strong>‘orando</strong></span> <span class='ocrx_word' id='word_1_83' title='bbox 403 2169 648 2244; x_wconf 84' lang='lat' dir='ltr'><strong>transegerant,</strong></span> <span class='ocrx_word' id='word_1_84' title='bbox 662 2170 697 2227; x_wconf 90' lang='lat' dir='ltr'><strong>et</strong></span> <span class='ocrx_word' id='word_1_85' title='bbox 711 2171 793 2227; x_wconf 91' lang='lat' dir='ltr'><strong>tunc</strong></span> <span class='ocrx_word' id='word_1_86' title='bbox 813 2162 899 2228; x_wconf 88' lang='lat' dir='ltr'><strong>forte</strong></span> <span class='ocrx_word' id='word_1_87' title='bbox 914 2166 979 2228; x_wconf 89' lang='lat' dir='ltr'><strong>sub</strong></span> <span class='ocrx_word' id='word_1_88' title='bbox 995 2165 1112 2229; x_wconf 87' lang='lat' dir='ltr'><strong>ordine</strong></span> <span class='ocrx_word' id='word_1_89' title='bbox 1128 2184 1210 2229; x_wconf 91' lang='lat' dir='ltr'><strong>uoc-</strong></span> 
     </span>
    </p>

    <p class='ocr_par' dir='ltr' id='par_1_11' title="bbox 210 2264 1210 2348">
     <span class='ocr_line' id='line_1_16' title="bbox 210 2264 1210 2348; baseline 0.002 -21"><span class='ocrx_word' id='word_1_90' title='bbox 210 2283 242 2327; x_wconf 79' lang='lat'><strong>15</strong></span> <span class='ocrx_word' id='word_1_91' title='bbox 254 2269 364 2328; x_wconf 88' lang='lat' dir='ltr'><strong>turnae</strong></span> <span class='ocrx_word' id='word_1_92' title='bbox 386 2264 501 2328; x_wconf 91' lang='lat' dir='ltr'><strong>laudis</strong></span> <span class='ocrx_word' id='word_1_93' title='bbox 524 2265 684 2329; x_wconf 88' lang='lat' dir='ltr'><strong>dicebant</strong></span> <span class='ocrx_word' id='word_1_94' title='bbox 700 2264 870 2348; x_wconf 89' lang='lat' dir='ltr'><strong>psalmum</strong></span> <span class='ocrx_word' id='word_1_95' title='bbox 891 2266 1210 2348; x_wconf 92' lang='lat' dir='ltr'><strong>quinquagesimum</strong></span> 
     </span>
    </p>
   </div>
   <div class='ocr_carea' id='block_1_6' title="bbox 253 2365 1212 2451">
    <p class='ocr_par' dir='ltr' id='par_1_12' title="bbox 253 2365 1212 2451">
     <span class='ocr_line' id='line_1_17' title="bbox 253 2365 1212 2451; baseline 0.003 -22"><span class='ocrx_word' id='word_1_96' title='bbox 253 2383 393 2443; x_wconf 89' lang='lat' dir='ltr'><strong>nouum,</strong></span> <span class='ocrx_word' id='word_1_97' title='bbox 420 2365 517 2448; x_wconf 90' lang='lat' dir='ltr'><strong>cujus</strong></span> <span class='ocrx_word' id='word_1_98' title='bbox 541 2366 675 2430; x_wconf 90' lang='lat' dir='ltr'><strong>initium</strong></span> <span class='ocrx_word' id='word_1_99' title='bbox 701 2375 766 2444; x_wconf 89' lang='lat' dir='ltr'><strong>est,</strong></span> <span class='ocrx_word' id='word_1_100' title='bbox 789 2366 886 2431; x_wconf 91' lang='lat' dir='ltr'><strong>Deus</strong></span> <span class='ocrx_word' id='word_1_101' title='bbox 911 2368 1068 2451; x_wconf 88' lang='lat' dir='ltr'><strong>repulisti</strong></span> <span class='ocrx_word' id='word_1_102' title='bbox 1090 2387 1154 2431; x_wconf 93' lang='lat' dir='ltr'><strong>nos</strong></span> <span class='ocrx_word' id='word_1_103' title='bbox 1176 2375 1212 2432; x_wconf 93' lang='lat' dir='ltr'><strong>et</strong></span> 
     </span>
    </p>
   </div>
   <div class='ocr_carea' id='block_1_7' title="bbox 211 2466 1252 3769">
    <p class='ocr_par' dir='ltr' id='par_1_13' title="bbox 211 2466 1252 3769">
     <span class='ocr_line' id='line_1_18' title="bbox 256 2466 1209 2545; baseline 0.003 -15"><span class='ocrx_word' id='word_1_104' title='bbox 256 2466 458 2530; x_wconf 86' lang='lat' dir='ltr'><strong>destruxisti</strong></span> <span class='ocrx_word' id='word_1_105' title='bbox 487 2486 561 2545; x_wconf 89' lang='lat' dir='ltr'><strong>nos,</strong></span> <span class='ocrx_word' id='word_1_106' title='bbox 590 2468 700 2531; x_wconf 91' lang='lat' dir='ltr'><strong>iratus</strong></span> <span class='ocrx_word' id='word_1_107' title='bbox 730 2486 768 2533; x_wconf 90' lang='lat' dir='ltr'><strong>es</strong></span> <span class='ocrx_word' id='word_1_108' title='bbox 797 2476 833 2532; x_wconf 87' lang='lat' dir='ltr'><strong>et</strong></span> <span class='ocrx_word' id='word_1_109' title='bbox 856 2469 1016 2532; x_wconf 90' lang='lat' dir='ltr'><strong>misertus</strong></span> <span class='ocrx_word' id='word_1_110' title='bbox 1039 2488 1076 2532; x_wconf 92' lang='lat' dir='ltr'><strong>es</strong></span> <span class='ocrx_word' id='word_1_111' title='bbox 1098 2470 1209 2533; x_wconf 88' lang='lat' dir='ltr'><strong>nobis.</strong></span> 
     </span>
     <span class='ocr_line' id='line_1_19' title="bbox 255 2565 1252 2644; baseline 0.003 -15"><span class='ocrx_word' id='word_1_112' title='bbox 255 2565 332 2629; x_wconf 91' lang='lat' dir='ltr'><strong>Nec</strong></span> <span class='ocrx_word' id='word_1_113' title='bbox 359 2586 466 2644; x_wconf 88' lang='lat' dir='ltr'><strong>mora,</strong></span> <span class='ocrx_word' id='word_1_114' title='bbox 495 2587 634 2632; x_wconf 88' lang='lat' dir='ltr'><strong>currens</strong></span> <span class='ocrx_word' id='word_1_115' title='bbox 665 2587 753 2632; x_wconf 89' lang='lat' dir='ltr'><strong>unus</strong></span> <span class='ocrx_word' id='word_1_116' title='bbox 783 2570 906 2640; x_wconf 82' lang='lat' dir='ltr'><strong>exeis</strong></span> <span class='ocrx_word' id='word_1_117' title='bbox 939 2571 1098 2635; x_wconf 86' lang='lat' dir='ltr'><strong>accendit</strong></span> <span class='ocrx_word' id='word_1_118' title='bbox 1124 2570 1211 2634; x_wconf 89' lang='lat' dir='ltr'><strong>duas</strong></span> <span class='ocrx_word' id='word_1_119' title='bbox 1250 2613 1252 2619; x_wconf 86' lang='lat'><em>-</em></span> 
     </span>
     <span class='ocr_line' id='line_1_20' title="bbox 255 2666 1212 2750; baseline 0.001 -20"><span class='ocrx_word' id='word_1_120' title='bbox 255 2666 438 2747; x_wconf 87' lang='lat' dir='ltr'><strong>candelas;</strong></span> <span class='ocrx_word' id='word_1_121' title='bbox 461 2675 496 2732; x_wconf 91' lang='lat' dir='ltr'><strong>et</strong></span> <span class='ocrx_word' id='word_1_122' title='bbox 515 2676 662 2750; x_wconf 89' lang='lat' dir='ltr'><strong>utraque</strong></span> <span class='ocrx_word' id='word_1_123' title='bbox 683 2677 803 2733; x_wconf 90' lang='lat' dir='ltr'><strong>teneus</strong></span> <span class='ocrx_word' id='word_1_124' title='bbox 826 2689 932 2733; x_wconf 88' lang='lat' dir='ltr'><strong>manu</strong></span> <span class='ocrx_word' id='word_1_125' title='bbox 950 2669 1108 2735; x_wconf 90' lang='lat' dir='ltr'><strong>ascendit</strong></span> <span class='ocrx_word' id='word_1_126' title='bbox 1129 2670 1212 2734; x_wconf 92' lang='lat' dir='ltr'><strong>emi-</strong></span> 
     </span>
     <span class='ocr_line' id='line_1_21' title="bbox 211 2770 1213 2855; baseline 0.002 -23"><span class='ocrx_word' id='word_1_127' title='bbox 211 2770 443 2833; x_wconf 79' lang='lat' dir='ltr'><strong>roneutiorem</strong></span> <span class='ocrx_word' id='word_1_128' title='bbox 464 2770 589 2842; x_wconf 89' lang='lat' dir='ltr'><strong>locum,</strong></span> <span class='ocrx_word' id='word_1_129' title='bbox 608 2771 651 2835; x_wconf 91' lang='lat' dir='ltr'><strong>ad</strong></span> <span class='ocrx_word' id='word_1_130' title='bbox 674 2771 921 2836; x_wconf 87' lang='lat' dir='ltr'><strong>ostendendum</strong></span> <span class='ocrx_word' id='word_1_131' title='bbox 944 2771 1133 2850; x_wconf 89' lang='lat' dir='ltr'><strong>Fratribus,</strong></span> <span class='ocrx_word' id='word_1_132' title='bbox 1153 2771 1213 2855; x_wconf 93' lang='lat' dir='ltr'><strong>qui</strong></span> 
     </span>
     <span class='ocr_line' id='line_1_22' title="bbox 255 2870 1213 2956; baseline 0.001 -22"><span class='ocrx_word' id='word_1_133' title='bbox 255 2872 292 2934; x_wconf 91' lang='lat' dir='ltr'><strong>in</strong></span> <span class='ocrx_word' id='word_1_134' title='bbox 335 2870 609 2937; x_wconf 87' lang='lat' dir='ltr'><strong>Lindisfameusi</strong></span> <span class='ocrx_word' id='word_1_135' title='bbox 648 2874 855 2938; x_wconf 89' lang='lat' dir='ltr'><strong>monasterio</strong></span> <span class='ocrx_word' id='word_1_136' title='bbox 895 2874 1093 2950; x_wconf 85' lang='lat' dir='ltr'><strong>manebant,</strong></span> <span class='ocrx_word' id='word_1_137' title='bbox 1114 2873 1213 2956; x_wconf 90' lang='lat' dir='ltr'><strong>·quia</strong></span> 
     </span>
     <span class='ocr_line' id='line_1_23' title="bbox 256 2975 1212 3059; baseline -0.001 -20"><span class='ocrx_word' id='word_1_138' title='bbox 256 2983 379 3039; x_wconf 90' lang='lat' dir='ltr'><strong>sancta</strong></span> <span class='ocrx_word' id='word_1_139' title='bbox 402 2975 464 3040; x_wconf 94' lang='lat' dir='ltr'><strong>illa</strong></span> <span class='ocrx_word' id='word_1_140' title='bbox 490 2976 605 3040; x_wconf 89' lang='lat' dir='ltr'><strong>anima</strong></span> <span class='ocrx_word' id='word_1_141' title='bbox 625 2975 701 3059; x_wconf 89' lang='lat' dir='ltr'><strong>jam</strong></span> <span class='ocrx_word' id='word_1_142' title='bbox 727 2978 910 3058; x_wconf 81' lang='lat' dir='ltr'><strong>migrasset</strong></span> <span class='ocrx_word' id='word_1_143' title='bbox 936 2975 980 3040; x_wconf 89' lang='lat' dir='ltr'><strong>ad</strong></span> <span class='ocrx_word' id='word_1_144' title='bbox 1006 2975 1212 3057; x_wconf 83' lang='lat' dir='ltr'><strong>Dominum3</strong></span> 
     </span>
     <span class='ocr_line' id='line_1_24' title="bbox 256 3076 1212 3159; baseline 0 -20"><span class='ocrx_word' id='word_1_145' title='bbox 256 3076 327 3140; x_wconf 90' lang='lat' dir='ltr'><strong>tale</strong></span> <span class='ocrx_word' id='word_1_146' title='bbox 356 3095 504 3159; x_wconf 90' lang='lat' dir='ltr'><strong>namque</strong></span> <span class='ocrx_word' id='word_1_147' title='bbox 538 3077 627 3140; x_wconf 88' lang='lat' dir='ltr'><strong>inter</strong></span> <span class='ocrx_word' id='word_1_148' title='bbox 660 3096 698 3140; x_wconf 89' lang='lat' dir='ltr'><strong>se</strong></span> <span class='ocrx_word' id='word_1_149' title='bbox 733 3077 866 3159; x_wconf 89' lang='lat' dir='ltr'><strong>signum</strong></span> <span class='ocrx_word' id='word_1_150' title='bbox 896 3077 1106 3141; x_wconf 88' lang='lat' dir='ltr'><strong>sanctissimi</strong></span> <span class='ocrx_word' id='word_1_151' title='bbox 1138 3077 1212 3159; x_wconf 91' lang='lat' dir='ltr'><strong>ejus</strong></span> 
     </span>
     <span class='ocr_line' id='line_1_25' title="bbox 257 3177 1211 3257; baseline 0.003 -14"><span class='ocrx_word' id='word_1_152' title='bbox 257 3179 371 3243; x_wconf 91' lang='lat' dir='ltr'><strong>obitus</strong></span> <span class='ocrx_word' id='word_1_153' title='bbox 400 3179 636 3243; x_wconf 83' lang='lat' dir='ltr'><strong>condixerant.</strong></span> <span class='ocrx_word' id='word_1_154' title='bbox 681 3177 784 3257; x_wconf 87' lang='lat' dir='ltr'><strong>Quod</strong></span> <span class='ocrx_word' id='word_1_155' title='bbox 812 3198 891 3242; x_wconf 92' lang='lat' dir='ltr'><strong>cum</strong></span> <span class='ocrx_word' id='word_1_156' title='bbox 919 3179 1052 3243; x_wconf 91' lang='lat' dir='ltr'><strong>videret</strong></span> <span class='ocrx_word' id='word_1_157' title='bbox 1081 3178 1211 3256; x_wconf 86' lang='lat' dir='ltr'><strong>Frater,</strong></span> 
     </span>
     <span class='ocr_line' id='line_1_26' title="bbox 213 3279 1213 3364; baseline 0.001 -21"><span class='ocrx_word' id='word_1_158' title='bbox 213 3281 317 3364; x_wconf 68' lang='lat' dir='ltr'><strong>aequi</strong></span> <span class='ocrx_word' id='word_1_159' title='bbox 345 3281 381 3344; x_wconf 90' lang='lat' dir='ltr'><strong>in</strong></span> <span class='ocrx_word' id='word_1_160' title='bbox 410 3281 552 3363; x_wconf 89' lang='lat' dir='ltr'><strong>specula</strong></span> <span class='ocrx_word' id='word_1_161' title='bbox 581 3279 870 3345; x_wconf 90' lang='lat' dir='ltr'><strong>Lindissamensis</strong></span> <span class='ocrx_word' id='word_1_162' title='bbox 898 3280 1021 3346; x_wconf 86' lang='lat' dir='ltr'><strong>insulae</strong></span> <span class='ocrx_word' id='word_1_163' title='bbox 1048 3280 1149 3363; x_wconf 87' lang='lat' dir='ltr'><strong>longe</strong></span> <span class='ocrx_word' id='word_1_164' title='bbox 1171 3280 1213 3344; x_wconf 89' lang='lat' dir='ltr'><strong>de</strong></span> 
     </span>
     <span class='ocr_line' id='line_1_27' title="bbox 257 3381 1214 3465; baseline -0.002 -19"><span class='ocrx_word' id='word_1_165' title='bbox 257 3389 377 3446; x_wconf 90' lang='lat' dir='ltr'><strong>contra</strong></span> <span class='ocrx_word' id='word_1_166' title='bbox 411 3389 554 3447; x_wconf 90' lang='lat' dir='ltr'><strong>eventus</strong></span> <span class='ocrx_word' id='word_1_167' title='bbox 585 3381 738 3465; x_wconf 90' lang='lat' dir='ltr'><strong>ejusdem</strong></span> <span class='ocrx_word' id='word_1_168' title='bbox 772 3381 914 3464; x_wconf 87' lang='lat' dir='ltr'><strong>pervigil</strong></span> <span class='ocrx_word' id='word_1_169' title='bbox 948 3389 1214 3464; x_wconf 81' lang='lat' dir='ltr'><strong>exspectaverat</strong></span> 
     </span>
     <span class='ocr_line' id='line_1_28' title="bbox 257 3482 1213 3561; baseline -0.001 -14"><span class='ocrx_word' id='word_1_170' title='bbox 257 3483 387 3561; x_wconf 91' lang='lat' dir='ltr'><strong>horam,</strong></span> <span class='ocrx_word' id='word_1_171' title='bbox 408 3485 557 3548; x_wconf 91' lang='lat' dir='ltr'><strong>cucurrit</strong></span> <span class='ocrx_word' id='word_1_172' title='bbox 576 3484 679 3547; x_wconf 90' lang='lat' dir='ltr'><strong>citius</strong></span> <span class='ocrx_word' id='word_1_173' title='bbox 699 3482 743 3546; x_wconf 91' lang='lat' dir='ltr'><strong>ad</strong></span> <span class='ocrx_word' id='word_1_174' title='bbox 762 3483 954 3561; x_wconf 89' lang='lat' dir='ltr'><strong>ecclesiam,</strong></span> <span class='ocrx_word' id='word_1_175' title='bbox 972 3483 1031 3546; x_wconf 92' lang='lat' dir='ltr'><strong>ubi</strong></span> <span class='ocrx_word' id='word_1_176' title='bbox 1048 3484 1213 3547; x_wconf 91' lang='lat' dir='ltr'><strong>collectus</strong></span> 
     </span>
     <span class='ocr_line' id='line_1_29' title="bbox 258 3584 1215 3667; baseline -0.002 -18"><span class='ocrx_word' id='word_1_177' title='bbox 258 3585 368 3650; x_wconf 90' lang='lat' dir='ltr'><strong>omnis</strong></span> <span class='ocrx_word' id='word_1_178' title='bbox 394 3585 551 3650; x_wconf 86' lang='lat' dir='ltr'><strong>Fratrum</strong></span> <span class='ocrx_word' id='word_1_179' title='bbox 579 3593 690 3650; x_wconf 91' lang='lat' dir='ltr'><strong>coetus</strong></span> <span class='ocrx_word' id='word_1_180' title='bbox 717 3591 893 3648; x_wconf 87' lang='lat' dir='ltr'><strong>noctumae</strong></span> <span class='ocrx_word' id='word_1_181' title='bbox 918 3584 1119 3667; x_wconf 86' lang='lat' dir='ltr'><strong>psalmodiae</strong></span> <span class='ocrx_word' id='word_1_182' title='bbox 1145 3584 1215 3648; x_wconf 86' lang='lat' dir='ltr'><strong>sol-</strong></span> 
     </span>
     <span class='ocr_line' id='line_1_30' title="bbox 257 3685 1215 3769; baseline 0.001 -20"><span class='ocrx_word' id='word_1_183' title='bbox 257 3686 384 3751; x_wconf 88' lang='lat' dir='ltr'><strong>lemnia</strong></span> <span class='ocrx_word' id='word_1_184' title='bbox 399 3687 612 3767; x_wconf 85' lang='lat' dir='ltr'><strong>celebrabat3</strong></span> <span class='ocrx_word' id='word_1_185' title='bbox 635 3686 845 3769; x_wconf 85' lang='lat' dir='ltr'><strong>contigitque</strong></span> <span class='ocrx_word' id='word_1_186' title='bbox 860 3694 900 3749; x_wconf 92' lang='lat' dir='ltr'><strong>ut</strong></span> <span class='ocrx_word' id='word_1_187' title='bbox 913 3685 982 3768; x_wconf 91' lang='lat' dir='ltr'><strong>ipsi</strong></span> <span class='ocrx_word' id='word_1_188' title='bbox 1002 3705 1151 3768; x_wconf 90' lang='lat' dir='ltr'><strong>quoque,</strong></span> <span class='ocrx_word' id='word_1_189' title='bbox 1163 3687 1215 3750; x_wconf 88' lang='lat' dir='ltr'><strong>in·</strong></span> 
     </span>
    </p>
   </div>
   <div class='ocr_carea' id='block_1_8' title="bbox 304 3979 1215 4053">
    <p class='ocr_par' dir='ltr' id='par_1_14' title="bbox 304 3979 1215 4053">
     <span class='ocr_line' id='line_1_31' title="bbox 304 3979 1215 4053; baseline 0.008 -22"><span class='ocrx_word' id='word_1_190' title='bbox 304 3981 314 4011; x_wconf 85' lang='lat'>⁸</span> <span class='ocrx_word' id='word_1_191' title='bbox 332 3983 425 4032; x_wconf 73' lang='lat' dir='ltr'><strong>eruor</strong></span> <span class='ocrx_word' id='word_1_192' title='bbox 434 3979 504 4053; x_wconf 87' lang='lat' dir='ltr'><strong>XL.]</strong></span> <span class='ocrx_word' id='word_1_193' title='bbox 522 3985 577 4032; x_wconf 92' lang='lat' dir='ltr'><strong>Vit.</strong></span> <span class='ocrx_word' id='word_1_194' title='bbox 585 3985 649 4033; x_wconf 88' lang='lat' dir='ltr'><strong>Met.</strong></span> <span class='ocrx_word' id='word_1_195' title='bbox 657 3984 721 4045; x_wconf 86' lang='lat' dir='ltr'><strong>Cup.</strong></span> <span class='ocrx_word' id='word_1_196' title='bbox 754 3983 831 4033; x_wconf 78' lang='lat' dir='ltr'><strong>forms</strong></span> <span class='ocrx_word' id='word_1_197' title='bbox 842 3999 890 4032; x_wconf 89' lang='lat' dir='ltr'><strong>one</strong></span> <span class='ocrx_word' id='word_1_198' title='bbox 903 3985 931 4033; x_wconf 84' lang='lat' dir='ltr'><strong>ol</strong></span> <span class='ocrx_word' id='word_1_199' title='bbox 940 3986 982 4035; x_wconf 87' lang='lat' dir='ltr'><strong>the</strong></span> <span class='ocrx_word' id='word_1_200' title='bbox 995 3986 1101 4036; x_wconf 90' lang='lat' dir='ltr'><strong>number</strong></span> <span class='ocrx_word' id='word_1_201' title='bbox 1112 3988 1175 4037; x_wconf 89' lang='lat' dir='ltr'><strong>used</strong></span> <span class='ocrx_word' id='word_1_202' title='bbox 1189 3990 1215 4038; x_wconf 93' lang='lat' dir='ltr'><strong>iu</strong></span> 
     </span>
    </p>
   </div>
   <div class='ocr_carea' id='block_1_9' title="bbox 261 4053 1217 4260">
    <p class='ocr_par' dir='ltr' id='par_1_15' title="bbox 261 4053 1217 4260">
     <span class='ocr_line' id='line_1_32' title="bbox 261 4053 1217 4115; baseline 0.006 -13"><span class='ocrx_word' id='word_1_203' title='bbox 261 4067 368 4102; x_wconf 82' lang='lat' dir='ltr'><strong>xxxvrr.</strong></span> <span class='ocrx_word' id='word_1_204' title='bbox 755 4053 798 4102; x_wconf 84' lang='lat' dir='ltr'><strong>the</strong></span> <span class='ocrx_word' id='word_1_205' title='bbox 811 4055 921 4115; x_wconf 86' lang='lat' dir='ltr'><strong>ereuing</strong></span> <span class='ocrx_word' id='word_1_206' title='bbox 933 4057 1029 4104; x_wconf 85' lang='lat' dir='ltr'><strong>service</strong></span> <span class='ocrx_word' id='word_1_207' title='bbox 1039 4058 1069 4105; x_wconf 83' lang='lat' dir='ltr'><strong>ol</strong></span> <span class='ocrx_word' id='word_1_208' title='bbox 1078 4059 1121 4106; x_wconf 92' lang='lat' dir='ltr'><strong>the</strong></span> <span class='ocrx_word' id='word_1_209' title='bbox 1130 4059 1217 4108; x_wconf 78' lang='lat' dir='ltr'><strong>fourth</strong></span> 
     </span>
     <span class='ocr_line' id='line_1_33' title="bbox 297 4117 1216 4192; baseline 0.008 -20"><span class='ocrx_word' id='word_1_210' title='bbox 297 4121 316 4151; x_wconf 84' lang='lat'><strong>¹⁵</strong></span> <span class='ocrx_word' id='word_1_211' title='bbox 333 4117 478 4192; x_wconf 71' lang='lat' dir='ltr'><strong>Porrimam]</strong></span> <span class='ocrx_word' id='word_1_212' title='bbox 496 4123 550 4172; x_wconf 90' lang='lat' dir='ltr'><strong>The</strong></span> <span class='ocrx_word' id='word_1_213' title='bbox 561 4137 630 4172; x_wconf 86' lang='lat' dir='ltr'><strong>same</strong></span> <span class='ocrx_word' id='word_1_214' title='bbox 640 4123 722 4184; x_wconf 83' lang='lat' dir='ltr'><strong>psalm</strong></span> <span class='ocrx_word' id='word_1_215' title='bbox 756 4125 806 4185; x_wconf 87' lang='lat' dir='ltr'><strong>day</strong></span> <span class='ocrx_word' id='word_1_216' title='bbox 815 4123 844 4172; x_wconf 85' lang='lat' dir='ltr'><strong>of</strong></span> <span class='ocrx_word' id='word_1_217' title='bbox 853 4124 977 4173; x_wconf 86' lang='lat' dir='ltr'><strong>tbeweek</strong></span> <span class='ocrx_word' id='word_1_218' title='bbox 990 4128 1129 4191; x_wconf 83' lang='lat' dir='ltr'><strong>according</strong></span> <span class='ocrx_word' id='word_1_219' title='bbox 1138 4133 1165 4178; x_wconf 91' lang='lat' dir='ltr'><strong>to</strong></span> <span class='ocrx_word' id='word_1_220' title='bbox 1174 4129 1216 4178; x_wconf 84' lang='lat' dir='ltr'><strong>the</strong></span> 
     </span>
     <span class='ocr_line' id='line_1_34' title="bbox 263 4193 1190 4260; baseline 0.008 -18"><span class='ocrx_word' id='word_1_221' title='bbox 263 4193 319 4260; x_wconf 83' lang='lat' dir='ltr'><strong>(the</strong></span> <span class='ocrx_word' id='word_1_222' title='bbox 331 4194 438 4244; x_wconf 83' lang='lat' dir='ltr'><strong>sixtietb</strong></span> <span class='ocrx_word' id='word_1_223' title='bbox 450 4195 476 4242; x_wconf 90' lang='lat' dir='ltr'><strong>in</strong></span> <span class='ocrx_word' id='word_1_224' title='bbox 488 4209 536 4244; x_wconf 93' lang='lat' dir='ltr'><strong>our</strong></span> <span class='ocrx_word' id='word_1_225' title='bbox 547 4193 661 4259; x_wconf 85' lang='lat' dir='ltr'><strong>version)</strong></span> <span class='ocrx_word' id='word_1_226' title='bbox 670 4193 724 4242; x_wconf 84' lang='lat' dir='ltr'><strong>still</strong></span> <span class='ocrx_word' id='word_1_227' title='bbox 757 4194 847 4243; x_wconf 86' lang='lat' dir='ltr'><strong>Ritual</strong></span> <span class='ocrx_word' id='word_1_228' title='bbox 859 4195 888 4243; x_wconf 81' lang='lat' dir='ltr'><strong>of</strong></span> <span class='ocrx_word' id='word_1_229' title='bbox 897 4194 940 4242; x_wconf 88' lang='lat' dir='ltr'><strong>the</strong></span> <span class='ocrx_word' id='word_1_230' title='bbox 952 4194 1048 4246; x_wconf 90' lang='lat' dir='ltr'><strong>churcb</strong></span> <span class='ocrx_word' id='word_1_231' title='bbox 1061 4199 1090 4248; x_wconf 83' lang='lat' dir='ltr'><strong>os</strong></span> <span class='ocrx_word' id='word_1_232' title='bbox 1100 4201 1190 4250; x_wconf 92' lang='lat' dir='ltr'><strong>Rome.</strong></span> 
     </span>
    </p>
   </div>
   <div class='ocr_carea' id='block_1_10' title="bbox 0 0 1444 4890">
    <p class='ocr_par' dir='ltr' id='par_1_16' title="bbox 0 0 1444 4890">
     <span class='ocr_line' id='line_1_35' title="bbox 0 0 1444 4890; baseline 0 0"><span class='ocrx_word' id='word_1_233' title='bbox 0 0 1444 4890; x_wconf 95' lang='lat' dir='ltr'><strong> </strong></span> 
     </span>
    </p>
   </div>
  </div>
 </body>
</html>
