2850 4890
299 892 480 983 vrri
531 889 576 985 s,
627 888 1109 981 curuuuurr

496 1087 919 1215 urrerem

595 1317 812 1368 AUCTORE

513 1492 649 1558 VEN.
693 1493 772 1556 BE
791 1493 824 1557 D
844 1492 889 1557 A.

619 1715 804 1724 ——-—--

94 1864 97 1870 ¹
201 1878 216 1921 5
264 1873 403 1920 DOMINO
426 1876 464 1923 IN
489 1876 627 1925 DOMINO
651 1878 872 1926 DOMINORUM
898 1878 1147 1926 nluncrlssluo

317 2032 550 2098 JOHANNI
573 2033 903 2100 PRESBYTERO
928 2033 1091 2112 BAEDA,

449 2209 617 2273 Famulus
637 2207 779 2288 Christi,
796 2208 961 2274 Salutem.

281 2411 366 2475 Duu
392 2430 461 2475 nou
487 2416 615 2493 potest,
641 2409 863 2474 dilectissime
890 2412 926 2474 in
949 2411 1089 2476 Christo
1117 2413 1181 2477 do-

230 2512 332 2588 mine,
359 2517 528 2594 quantum
554 2518 616 2575 tua
643 2513 790 2576 caritate
811 2510 952 2590 afficiar,
979 2520 1122 2595 tuaque,
1149 2515 1179 2576 si

187 2633 217 2678 ro
232 2613 303 2678 fieri
336 2618 466 2696 posset,
500 2613 687 2695 praesentia
725 2632 862 2696 semper
895 2613 1066 2692 delecter;
1107 2621 1178 2677 tuae

230 2733 369 2797 quoque
395 2720 525 2776 sanctae
546 2711 737 2776 dulcedinis
764 2714 868 2776 etiam
894 2713 985 2777 inter
1004 2714 1100 2795 longi
1120 2715 1178 2778 iti-

230 2816 333 2891 neriS,
352 2813 445 2897 quod
470 2814 557 2877 inire
583 2814 693 2897 cupis,
714 2815 908 2896 augustias
924 2815 1084 2896 perennis
1106 2835 1178 2878 me-

231 2915 349 2979 moriae
374 2913 515 2978 stimulo
549 2934 773 2997 compungar.
826 2914 927 2978 Unde
955 2915 1018 2979 tibi
1045 2914 1100 2979 vel
1135 2916 1178 2979 ad

231 3016 430 3080 memoriam
450 3034 536 3078 meae
554 3015 760 3092 devotionis,
779 3015 835 3079 vel
862 3016 906 3079 ad
926 3023 996 3079 tuae
1024 3018 1178 3099 peregri-

187 3137 217 3182 15
231 3117 380 3181 nationis
407 3116 653 3193 levamentum,
679 3115 773 3179 beati
801 3115 984 3180 Cutberhti
1013 3117 1179 3201 episcopi,

230 3237 309 3300 quae
324 3236 434 3300 nuper
451 3217 608 3281 versibus
626 3216 730 3293 edidi,
748 3222 849 3298 gesta
866 3217 985 3281 obtuli.
1033 3216 1178 3300 Absque

230 3317 303 3381 ulla
319 3319 411 3381 enim
433 3317 610 3381 dubietate
632 3316 779 3394 confido,
800 3317 892 3399 quod
920 3318 1009 3381 tanti
1028 3319 1094 3382 viri
1121 3338 1179 3382 co·

230 3420 373 3482 mitatus
390 3418 538 3482 multum
555 3418 732 3481 felicitatis
750 3416 915 3482 conferat.
969 3417 1062 3482 Nam
1085 3418 1179 3482 illius

230 3527 265 3583 et
281 3527 484 3583 moerentem
507 3518 652 3581 dulcedo
672 3519 872 3582 consolatur
889 3518 1049 3595 affabilis,
1067 3527 1103 3583 et
1120 3519 1179 3584 de-

185 3640 217 3685 m
229 3621 339 3684 cidem
374 3620 593 3703 compunctio
626 3619 763 3683 fervens
795 3620 939 3697 excitat,
974 3627 1009 3684 et
1043 3620 1180 3703 pericli-

416 3956 418 3959 .
482 3912 568 3960 Nouus
585 3925 636 3959 uun
653 3911 768 3960 Varrous
785 3911 925 3962 Balomos.

263 4006 423 4071 ’,ἵππονῆ
448 4008 558 4068 ‘Incipit
576 4006 691 4068 Epistola
754 4003 773 4035 ¹²
795 4007 915 4055 Perennis
1013 4011 1180 4074 conpungun]

230 4081 308 4130 Bedae
332 4079 480 4141 presbyteri,
499 4079 532 4127 ad
550 4078 690 4127 Johannem
717 4078 881 4127 Perenni...
897 4093 1059 4140 compungar,
1072 4081 1108 4128 Η.

229 4150 463 4213 presbyterum,’H
473 4154 515 4210 23
535 4151 564 4200 C.
600 4219 601 4223 Ἰ

279 4268 364 4315 ΤΟΜ.
384 4267 422 4314 11.
1009 4269 1029 4313 B
