2850 4890
429 383 610 430 rucuoau
629 383 717 431 vnn.
737 384 849 430 nana.
1120 367 1164 430 43

200 538 380 604 Cutberhti
392 540 523 603 meritis
537 539 691 622 placavit
704 540 817 604 tristia
831 540 946 621 flagra.

200 640 303 705 Mitte
317 661 455 705 manum
469 651 504 705 et
518 648 663 723 tangens
678 661 732 704 me
748 640 861 704 dicere
875 659 957 704 vera
970 639 1139 721 probato!

201 742 349 806 Clausus
364 762 513 825 namque
528 743 618 806 oculi
633 762 702 805 nen
716 744 838 825 quibat
853 743 1008 806 acumine
1024 742 1128 816 cerni,

201 844 347 908 Fecerat
360 851 395 908 et
408 845 556 926 priscam
571 844 690 906 morbo
703 843 852 925 fugiente
867 843 1032 921 salutem3

172 945 327 1011 5Adf0re
342 947 551 1029 temporibus
566 946 737 1028 persensit
753 948 795 1010 ab
810 945 936 1009 aethere
952 945 1093 1009 sanctis,

362 1250 478 1315 Oratio
493 1249 680 1315 uenerabilis
693 1249 807 1314 Boedae
817 1250 1004 1337 presbyteri.

200 1462 203 1467 '
243 1453 339 1517 ΗΜ
354 1452 429 1530 tibi,
444 1441 643 1517 cunctorum
658 1452 809 1534 largitor,
825 1450 970 1530 Christe,
985 1453 1162 1528 bonorum,

204 1556 308 1620 Dona
323 1555 374 1619 tui
388 1554 574 1618 obtulimus
590 1572 723 1617 summe
738 1553 780 1617 de
796 1573 933 1617 munere
948 1554 1040 1631 doni,

206 1657 404 1740 Magnaque
419 1655 636 1739 praemodicis
651 1657 798 1721 libantes
814 1657 939 1738 gaudia
954 1656 1055 1720 dictis

163 1779 195 1823 10
207 1759 410 1823 Sanctorum
425 1757 600 1840 attigimus
615 1759 801 1821 certamina
818 1759 911 1822 celsa
925 1765 1070 1834 tuorum,

205 1862 401 1943 sperantes,
415 1860 483 1922 illis
499 1859 747 1937 exoratoribus
762 1867 801 1923 ut
816 1867 853 1923 tu

206 1963 345 2027 Siderea
360 1963 482 2044 dignos
496 1961 555 2044 qui
564 1962 682 2045 justus
696 1962 730 2024 in
746 1981 813 2025 axe
827 1981 982 2038 coronas

206 2065 361 2146 Indignis
375 2063 469 2126 mitis
484 2063 583 2125 laxes
599 2062 654 2126 vel
670 2062 786 2126 debita
800 2063 911 2127 nobis

207 2165 338 2229 Ultima
351 2162 523 2227 sufficiunt
537 2163 629 2226 illius
642 2163 678 2225 in
694 2163 824 2226 aedibus
840 2165 928 2227 aulae
1110 2239 1112 2241 ,

164 2285 194 2330 rs
207 2264 366 2341 Praemia,
382 2284 452 2346 qua
467 2271 610 2326 cunctos
626 2270 687 2327 tua
701 2264 800 2341 visio,
816 2263 961 2343 Christe,
974 2267 1101 2342 beavit,

206 2367 292 2431 Vita
306 2386 448 2430 manens
460 2365 579 2443 castis,
590 2348 782 2449 lumenque,
794 2366 957 2449 salusque
968 2387 1029 2450 per
1042 2387 1163 2431 aevum.

253 2618 263 2647 ³
281 2614 371 2688 umet]
390 2619 501 2681 Oculus,
515 2619 551 2668 H.
701 2621 962 2671 ‘Jusseratecclesiae
971 2622 1164 2684 Uuigbcorhtus

253 2688 264 2719 ⁶
283 2685 388 2759 Oratim]
405 2691 469 2738 This
483 2689 540 2738 title
554 2690 577 2738 is
590 2693 671 2738 want·
766 2692 877 2740 scribere
890 2691 968 2740 nabla
979 2692 1027 2741 hoc

210 2762 255 2821 ing
278 2762 305 2809 in
328 2761 371 2809 the
394 2760 465 2808 three
487 2761 563 2810 MSS.
585 2760 671 2809 which
701 2763 789 2812 Abbas
801 2761 889 2824 hujus,
901 2768 1005 2810 cunctos
1018 2764 1164 2824 rogitatqni

210 2831 275 2880 have
288 2832 352 2880 been
365 2831 487 2880 collated.
766 2833 807 2881 hic
820 2832 931 2894 psallere
944 2837 1059 2895 captant,

246 2898 266 2929 ¹⁶
280 2897 390 2969 AEcum.]
436 2903 444 2928 ‘
474 2901 554 2949 Bedae
581 2901 672 2949 famuli
702 2904 787 2964 thue
797 2904 837 2952 sui
846 2917 968 2952 memores
978 2908 1164 2952 cantuscumu-

211 2972 309 3021 Christi
337 2975 363 3021 et
394 2972 538 3032 presbyteri
564 2971 673 3032 explicit
767 2974 860 3023 lamine
873 2979 998 3036 constent,

211 3042 289 3091 Liber
301 3043 333 3090 de
341 3041 489 3090 Virtutibus
500 3041 526 3089 S.
536 3041 672 3090 Cutberhti
703 3045 761 3096 Quo
779 3045 851 3093 Deus
871 3045 1030 3106 omnipotens
1048 3043 1097 3092 sihi
1116 3044 1166 3092 cri·

211 3113 426 3162 Lindislamensis
440 3111 558 3161 eeclesiae
574 3113 671 3173 episco·
767 3117 836 3164 mina
848 3120 940 3164 cuncta
952 3111 1071 3165 relaxet?

210 3183 257 3243 pi.'
268 3184 304 3232 H.
322 3183 376 3230 The
383 3182 589 3244 followinglines
596 3197 672 3232 occur

211 3258 239 3302 at
250 3253 294 3302 the
307 3254 356 3301 end
368 3253 397 3302 oi
406 3252 443 3303 H.
455 3257 479 3301 2.
