2850 4890
446 380 628 428 lucrosa
646 381 735 428 vnn.
754 381 866 428 unns.
1096 365 1140 429 35

175 535 251 600 Nec
265 556 370 615 mora,
384 557 505 621 sospes
521 538 594 602 abit
604 539 663 620 qui
677 540 867 606 intraverat
882 558 993 622 aeger3
1016 547 1051 603 et
1064 540 1135 605 illic

175 636 417 721 Presbyterum
431 641 593 717 immittit,
607 640 707 720 digne
724 640 932 705 Cutbcrhtus
947 648 987 705 ut
999 641 1060 706 illo

174 740 295 805 Sidera
311 748 398 806 teste
413 750 521 825 petat,
537 761 606 825 quo
621 742 729 807 vitam
744 749 833 807 teste
848 743 999 824 regebat.
1104 798 1120 817 ,

464 974 626 1042 CAPUT
649 974 839 1042 XXXVI.

142 1165 155 1207 5
177 1144 347 1226 Quomodo,
356 1158 506 1234 percepto
520 1148 648 1225 viatico,
663 1148 746 1211 iuter
761 1147 855 1211 verbo
869 1150 1023 1213 orationis
1038 1150 1135 1236 spiri·

519 1260 582 1312 tum
596 1249 782 1314 reddiderit.

158 1516 162 1523 ,
221 1452 245 1515 J
248 1468 384 1529 amour
399 1459 561 1536 soporata
575 1454 758 1543 torpebant
771 1452 885 1517 omnia
899 1462 1012 1532 nocte,

172 1551 338 1619 Excubiis
353 1554 472 1637 vigiles
487 1562 655 1637 premeret
668 1554 749 1618 dum
765 1555 876 1619 Fame
892 1558 1061 1635 tenebras,

173 1651 321 1737 Quaque
350 1675 468 1737 preces
497 1662 670 1733 resonant,
698 1656 845 1720 modulis
876 1657 989 1722 fremit
1018 1659 1132 1722 insula

302 1757 445 1839 psalmis
458 1779 467 1838 3

129 1874 160 1918 ro
172 1855 274 1920 Vatis
290 1866 325 1921 et
339 1859 414 1941 ipse
430 1879 503 1922 suae
517 1867 733 1941 praegustans
751 1862 877 1942 gaudia
891 1862 1027 1944 palmae,

171 1958 343 2023 AEthereis
359 1959 523 2042 expendit
538 1979 647 2024 ovans
662 1963 726 2024 sub
741 1962 902 2026 laudibus
917 1965 1064 2027 umbras

172 2059 240 2123 Ast
253 2063 312 2124 ubi
327 2061 571 2124 flammicomos
586 2062 767 2127 ardescens
782 2062 902 2127 lucifer
916 2073 1012 2127 ortus

173 2162 310 2240 Attulit,
326 2184 415 2240 ecce,
431 2183 527 2228 sacer
541 2164 693 2229 residens
708 2165 852 2228 antistes
867 2165 911 2228 ad
928 2166 1016 2229 altar

173 2265 304 2329 Pocula
317 2266 478 2346 degustat
490 2265 582 2342 vitae,
598 2265 793 2348 Christique
809 2266 970 2348 supinum

130 2385 159 2430 15
173 2366 345 2449 Sanguine
358 2368 468 2430 munit
480 2367 556 2444 iter,
568 2368 755 2450 vultusque
770 2366 815 2430 ad
830 2367 944 2431 sidera
959 2375 995 2432 et
1008 2369 1118 2433 almas

173 2469 331 2533 Sustollit
345 2468 498 2550 gaudens
514 2469 660 2550 palmas
675 2470 890 2551 animamque
906 2472 1062 2553 supernis

173 2570 348 2635 Laudibus
363 2571 530 2635 intentam
543 2571 742 2635 laetantibus
756 2570 881 2634 indidit
895 2571 1008 2636 astris.

451 2801 611 2869 CAPUT
635 2803 845 2868 XXXVII.

176 2975 336 3053 Quomodo
344 2977 448 3064 juxto
462 2974 664 3061 prophetiam
672 2976 801 3061 psalmi,
816 2996 912 3060 quem,
924 2996 958 3038 eo
972 2975 1130 3055 moriente,

126 3098 159 3142 20
213 3089 428 3158 cantaverunt,
454 3077 732 3163 Lindisforoeoses
759 3080 824 3141 sirit
847 3078 1034 3162 improtecti,
1065 3078 1130 3157 sed,

213 3180 354 3244 Domino
358 3181 506 3268 juvente,
516 3181 663 3265 protecti.

210 3382 448 3447 Pnusnrrnn
464 3384 639 3465 egrediens
654 3383 744 3449 vatis
759 3383 818 3465 pia
831 3382 952 3446 funera
966 3381 1101 3446 moestis

170 3484 349 3567 Depromit
363 3487 479 3563 sociis
494 3493 564 3549 tum
577 3486 664 3549 forte
680 3487 880 3549 canentibus
894 3483 1057 3567 hymnum

171 3584 274 3649 Hunc
290 3585 432 3668 querula
447 3588 511 3650 sub
524 3587 638 3663 laude,
653 3585 768 3650 ‘Deus
780 3605 843 3649 nos
856 3585 944 3649 alme
958 3586 1128 3669 repellens

124 3703 157 3748 25
169 3685 329 3750 Destruis
344 3687 464 3764 iratus,
478 3687 664 3770 salvasque
677 3687 838 3750 misertus
854 3688 898 3750 ab
911 3687 1031 3768 hoste3

168 3787 264 3852 Arva
279 3806 397 3853 moves
412 3791 598 3872 turbasque
613 3796 748 3872 potens,
763 3796 798 3853 et
812 3789 932 3853 territa
946 3809 1070 3869 sanas;

170 3888 409 3972 Propinasque
424 3890 494 3954 tuis
509 3890 696 3972 praetristia
710 3897 836 3967 musta,
852 3890 912 3954 sed
926 3890 1048 3967 hostie,

204 4128 473 4202 4ΟΑινυτΧΧΧνΙ]
491 4135 630 4184 VitPros.
702 4131 721 4160 ¹⁸
738 4135 830 4184 Cruor
860 4128 1020 4202 XXXVIL]
1071 4131 1126 4183 Vit.

170 4203 235 4264 Cap.
248 4216 345 4253 xxxix.
668 4205 745 4254 Pros.
759 4205 824 4266 Cap.
838 4217 883 4254 η.
