2850 4890
241 329 284 395 88
564 349 656 396 vrrs
672 350 702 398 s.
720 348 951 410 cunensem,

67 515 215 568 mnata.
242 523 319 568 nem
339 524 435 586 spem
456 502 692 583 fructificandi,
712 511 810 570 terrac
829 503 1092 580 commendaret,
1114 519 1198 564 mox

243 604 458 669 abundanter
472 613 628 669 exortum
641 604 723 670 fecit
733 605 879 670 fructum
892 604 1079 686 copiosum.
1125 598 1197 678 Qui

243 706 323 770 dum
357 712 585 770 maturescere
615 706 789 787 coepisset,
818 725 941 770 venere
972 705 1129 768 volucres
1160 707 1198 766 et

243 807 321 871 huic
344 807 562 889 depascendo
584 808 740 872 certatim
761 807 977 871 insistebant.
1026 803 1084 867 Ad
1109 821 1197 885 quos

244 907 420 990 piissimus
447 907 575 971 Christi
604 927 722 973 servus
751 906 971 988 adpropians,
998 905 1087 968 sicut
1115 911 1196 986 post
1224 921 1239 962 s

153 1056 157 1064 .
244 1008 319 1089 ipse
329 1007 681 1086 referebat—solebat
694 1009 783 1071 enim
792 1027 897 1089 saepe,
907 1006 988 1088 quia
999 1005 1070 1068 laeti
1079 1003 1198 1069 vultus

247 1114 281 1170 et
305 1106 451 1172 affabilis
476 1116 561 1184 erat,
584 1109 627 1172 ad
649 1107 913 1171 confirmandam
930 1107 1032 1171 fidem
1058 1104 1198 1169 audien-

246 1208 343 1284 tium,
379 1209 495 1291 aliqua
524 1211 628 1274 etiam
655 1210 697 1273 de
728 1210 789 1286 eis,
818 1227 897 1291 quae
926 1208 1001 1288 ipse
1028 1205 1199 1270 credendo

246 1308 443 1386 obtinuerit,
461 1311 496 1373 in
518 1311 667 1374 medium
689 1309 909 1392 profeme;-‘
925 1306 1017 1386 Quid
1037 1303 1199 1388 tangitis:

246 1407 367 1489 inquit,
397 1414 511 1489 ‘sata‚
540 1431 618 1494 quac
646 1430 716 1474 non
745 1410 922 1473 seruistisl
942 1407 1001 1471 An
1024 1406 1111 1471 forte
1136 1425 1199 1472 vos
1210 1424 1240 1469 ιο

244 1507 323 1588 plus
337 1528 390 1572 me
405 1510 460 1573 his
480 1531 567 1593 opus
587 1511 743 1575 habetisl
765 1510 803 1574 Si
823 1518 939 1574 tamen
958 1528 980 1573 a
1000 1507 1077 1572 Deo
1094 1507 1198 1572 licen-

246 1609 331 1672 tiam
360 1614 555 1694 accepistis,
583 1612 688 1677 facite
715 1613 807 1696 quod
836 1613 910 1694 ipse
939 1611 1110 1694 permisit;
1144 1610 1198 1673 sin

246 1716 371 1787 autem,
401 1713 560 1792 recedite,
587 1734 698 1796 neque
725 1714 868 1778 ulterius
898 1712 1012 1777 aliena
1039 1708 1199 1777 laedatis?

247 1809 403 1888 Dixerat,
428 1822 462 1877 et
486 1814 529 1877 ad
554 1815 698 1896 primam
715 1814 869 1897 jubentis
889 1834 1019 1890 vocem,
1039 1813 1201 1878 universa

246 1911 422 1975 volucrum
453 1915 637 1979 multitudo
666 1917 820 1994 recessit,
854 1936 959 1999 seque
993 1934 1054 1998 per
1087 1914 1241 1978 omniars

248 2011 412 2095 deinceps
432 2015 475 2078 ab
499 2016 651 2098 ejusdem
676 2019 799 2081 messis
820 2018 998 2082 invasione
1021 2017 1201 2080 continuit.

248 2111 294 2176 Et
325 2114 380 2179 hic
414 2137 550 2200 qnoque
583 2120 789 2184 venerabilis
823 2119 951 2183 Christi
984 2116 1132 2182 famulus
1167 2117 1203 2179 in

250 2212 383 2279 duobus
409 2218 582 2282 miraculis
611 2219 753 2283 duorum
778 2219 921 2283 Petrum
947 2227 1001 2283 est
1029 2216 1124 2282 facta
1149 2237 1203 2281 se-

233 2306 369 2393 'cntus;
392 2317 428 2380 in
448 2337 549 2400 aqua,
572 2319 743 2397 videlicet,
763 2320 880 2384 elicita
900 2320 942 2384 de
961 2340 1055 2402 mpe‚
1073 2319 1204 2383 factum

249 2415 342 2479 beati
365 2420 473 2499 patris
497 2419 687 2496 Benedicti,
713 2422 772 2503 qui
796 2421 886 2485 idem
905 2441 1007 2502 poene
1027 2427 1063 2485 et
1084 2420 1246 2484 eodemne

249 2517 351 2580 modo
369 2518 491 2601 legitur
512 2519 636 2585 secisse
654 2521 872 2601 miraculum3
894 2521 955 2585 sed
976 2522 1103 2586 idcirco
1123 2522 1206 2585 ube-

250 2618 331 2696 rius,
355 2621 437 2702 quia
460 2621 576 2704 plures
599 2630 707 2698 erant,
727 2624 787 2704 qui
809 2643 910 2706 aquae
929 2623 1047 2705 inopia
1069 2623 1206 2686 labora·

249 2726 334 2783 rent.
392 2722 500 2786 Porro
532 2724 566 2785 in
600 2724 775 2787 arcessitis
809 2743 830 2787 a
862 2743 974 2788 messe
1005 2722 1205 2788 volatilibus

248 2823 512 2886 reverentissimi
526 2833 560 2887 et
572 2824 780 2888 sanctissimi
797 2826 904 2906 patris
920 2823 1065 2887 Antonii
1081 2842 1205 2906 seque·

248 2920 349 2984 batur
362 2924 567 3004 exemplum,
582 2924 641 3006 qui
662 2942 683 2986 a
697 2925 839 2988 laesione
852 2924 989 3001 hortuli,
1006 2943 1107 3006 quem
1128 2924 1245 3007 ipsese

248 3020 476 3100 plantaverat,
491 3042 559 3085 uno
575 3042 720 3104 onagros
736 3044 889 3088 sermone
904 3025 1124 3106 compescuit.

283 3315 304 3346 ²⁰
319 3317 465 3380 Benedicti]
510 3319 558 3367 See
587 3318 708 3380 Gregorii
776 3319 796 3350 ²⁴
812 3322 933 3384 Antonii]
971 3324 1026 3372 vit.
1039 3324 1125 3374 Sanct.
1138 3327 1202 3376 edit.

247 3388 338 3448 Magni
356 3388 461 3450 Dialog.
478 3389 506 3438 ii.
523 3393 554 3448 ῦς
574 3387 642 3438 Acta
660 3390 706 3439 SS.
740 3391 820 3455 Surii,
832 3393 851 3442 i.
865 3397 923 3456 121,
934 3393 997 3442 edit.
1011 3396 1084 3443 1581.

247 3456 312 3507 Ord.
326 3459 353 3507 S.
366 3459 465 3508 Bened.
479 3460 496 3508 i.
509 3461 534 3521 8,
547 3459 609 3509 edit.
619 3460 705 3509 Paris.
