2850 4890
266 358 331 423 306
640 372 852 421 nrnsnnrx.

268 522 371 600 inquit,
387 526 394 552 ‘
413 518 578 578 moramnrl
598 507 690 597 quare
698 521 809 598 januas
824 539 881 578 non
896 518 1077 598 frangimus?
1116 518 1229 599 Neque

267 608 343 665 enim
358 606 445 683 hujus
461 605 585 663 bominis
600 606 705 663 mortui
721 625 779 685 pax
802 604 876 664 adeo
890 612 938 662 est
950 604 1088 674 tenenda,
1103 614 1138 664 ut
1150 604 1229 664 iures

268 701 299 750 et
327 689 493 760 homicidae,
523 692 581 750 huc
609 691 635 748 si
663 689 845 768 confugiant,
875 691 959 749 nobis
984 690 1127 751 insultent
1149 689 1229 769 quod

269 777 386 855 impune
401 775 568 834 evaserint!
612 774 674 834 Sed
688 776 738 835 vix
752 777 843 835 verba
856 775 1070 854 compleverat,
1085 783 1116 834 et
1131 777 1228 835 subito

269 863 356 942 quasi
371 861 508 939 sagittam
523 860 650 940 desuper
664 861 828 920 venientem
843 869 935 939 capnt
948 862 1005 920 sibi
1019 860 1060 921 ad
1075 881 1128 920 cor
1144 881 1230 920 sunm
1253 875 1266 917 t

269 948 524 1006 transverberasse
547 947 604 1005 sibi
633 945 727 1005 videri
761 947 987 1025 protestabatur.
1052 944 1126 1005 Nec
1150 947 1232 1025 plura

270 1033 389 1092 locutus
409 1033 437 1090 in
457 1041 564 1091 terram
583 1032 703 1101 corruit,
718 1050 909 1111 gemensque,
924 1031 1042 1090 ululans
1058 1040 1089 1090 et
1103 1031 1229 1090 stridens

271 1117 409 1177 dentibus
424 1116 462 1176 ad
477 1117 637 1196 hospitium
651 1116 820 1196 deportatur
834 1137 852 1174 a
866 1118 938 1184 suis,
952 1135 1008 1175 nec
1023 1125 1114 1176 unum
1126 1126 1230 1197 postea

271 1205 393 1264 verbnm
420 1202 609 1282 proloquens,
638 1203 665 1259 in
692 1201 803 1260 eisdem
832 1201 983 1261 tormentis
1008 1200 1132 1262 addici
1156 1202 1230 1260 tertii

272 1288 396 1348 eandem
416 1309 510 1367 usque
528 1287 630 1347 horam
645 1287 816 1365 supervixit.
864 1286 968 1366 quue
982 1287 1025 1344 ita
1039 1285 1183 1346 defuncto
1203 1294 1231 1346 et
1241 1301 1268 1346 1⁰

272 1373 400 1453 sepulto,
414 1372 481 1432 talis
501 1380 660 1452 tantusque
680 1371 718 1430 de
739 1371 852 1430 tumulo
873 1373 939 1450 ejus
957 1369 1043 1431 l‘oetor
1056 1392 1109 1451 per
1124 1392 1231 1431 annum

272 1458 424 1517 dimidium
443 1457 603 1528 exhalavit,
621 1465 653 1515 ut
672 1455 769 1536 perid
783 1457 842 1515 loci
857 1457 1011 1516 transitum
1025 1477 1130 1515 omnes
1150 1477 1231 1516 aver·

272 1553 414 1603 serentur.
460 1542 535 1602 Hoc
554 1543 653 1622 itaque
673 1540 809 1621 exemplo
825 1560 926 1600 comcs
947 1542 1011 1620 ipse
1029 1561 1099 1601 curn
1113 1544 1231 1610 ceteris,

272 1630 381 1708 quibus
400 1630 465 1687 haec
484 1627 572 1705 longe
594 1628 712 1706 lateque
735 1628 929 1695 innotuerant,
949 1628 1132 1705 perterritus,
1154 1627 1234 1686 illum

272 1715 393 1773 ulterius
414 1733 520 1792 capere
534 1732 592 1771 non
610 1713 817 1792 praesumebat,
832 1713 922 1771 immo
935 1720 1042 1790 postea
1055 1733 1113 1771 non
1130 1719 1231 1792 parnr'n
1241 1728 1268 1772 15

272 1800 415 1858 honorare
430 1798 598 1878 incipiebat.
644 1796 757 1856 Omnes
776 1797 864 1857 etiam
883 1798 944 1875 qui,
965 1805 998 1856 nt
1016 1817 1034 1856 a
1054 1799 1232 1857 monasterio

273 1884 322 1943 ille
342 1883 569 1952 abstraheretur,
585 1881 633 1941 vel
655 1882 761 1941 saltem
779 1882 966 1942 consensisse
982 1902 1015 1942 se
1029 1883 1233 1952 meminerunt,

273 1969 398 2028 similem
420 1976 583 2027 metuentes
605 1968 757 2038 ultionem,
779 1968 841 2027 auri
864 1967 977 2045 argenti
998 1974 1029 2026 et
1053 1987 1235 2045 gemmarum

274 2073 331 2112 non
360 2052 507 2113 modicam
531 2054 725 2133 quantitatem
750 2072 839 2132 super
862 2052 1026 2111 beatissimi
1054 2053 1234 2113 confessoris

274 2138 440 2217 sepulcrum
456 2138 652 2209 contulerunt,
667 2137 766 2197 multis
777 2158 845 2198 cum
859 2137 988 2197 lacrimis
999 2139 1116 2198 veniam
1131 2139 1235 2218 implo-
1244 2153 1273 2198 at

273 2231 384 2295 rantes,
410 2223 540 2302 nihilque
564 2224 623 2283 tale
648 2224 768 2283 ulterius
792 2243 826 2283 se
854 2231 1064 2302 praesumtnros
1086 2226 1233 2302 jurantes.

276 2308 324 2367 Ex
339 2328 464 2387 quorum
479 2328 549 2368 mox
565 2309 715 2369 oblatione
728 2307 844 2367 mirifici
865 2309 962 2389 operis
981 2327 1054 2367 crux
1072 2317 1104 2368 et
1122 2310 1233 2368 incons-

275 2393 399 2475 parandi
433 2394 519 2473 pretii
553 2401 653 2453 textus
683 2394 910 2471 Evangeliorum
943 2413 1015 2452 suro
1052 2395 1235 2474 gemmisque

276 2487 483 2559 perornantur:
512 2480 630 2559 quaein
653 2478 758 2539 eodem
782 2479 959 2538 monasterio
982 2477 1021 2537 ad
1048 2479 1139 2558 hujus
1164 2479 1235 2539 facti

276 2572 496 2624 monumentum
525 2584 620 2644 usqne
648 2564 678 2623 in
707 2584 837 2644 praesens
867 2571 1029 2623 servantur.
1080 2564 1164 2624 Haec
1192 2566 1272 2625 sicut

277 2657 363 2728 gesta
380 2650 472 2709 fuisse
486 2658 520 2709 ut
538 2651 705 2721 scribimus,
718 2670 738 2709 a
757 2649 878 2710 fratrum
898 2649 949 2728 qni
967 2648 1080 2721 videre,
1095 2658 1126 2709 et
1140 2650 1234 2731 ipsius

277 2755 338 2803 ore,
353 2736 404 2814 qni
419 2737 461 2794 sic
476 2743 623 2805 evaserat,
637 2755 694 2794 non
709 2735 801 2795 semel
815 2734 990 2795 audivimus.

139 2853 206 2902 rne-
318 2826 396 2893 §aa
421 2820 490 2879 Fuit
507 2828 537 2880 et
553 2820 628 2880 alius
647 2819 764 2900 quidam
784 2841 883 2900 pravae
902 2820 1025 2879 actionis
1043 2820 1099 2891 vir,
1118 2821 1236 2880 nomine

102 2906 111 2931 ⁸
134 2955 144 2980 ,,
163 2904 182 2981 [¹¹
277 2905 415 2974 Osullns,
427 2907 477 2983 qui
489 2905 537 2965 die
551 2904 679 2985 quadam
691 2907 719 2964 in
730 2925 837 2985 campo
847 2904 1074 2984 expergefactus
1090 2925 1109 2964 a
1118 2917 1234 2976 somno,

277 2998 443 3069 serpentem
457 2990 513 3049 sibi
528 2991 638 3050 collum
652 2991 791 3069 stringere
803 2991 958 3059 sentiebat,
969 3009 1057 3068 quem
1069 3009 1139 3049 mox
1155 3011 1234 3051 com·
1244 3005 1272 3050 uo

278 3078 453 3155 prehensum
467 3075 505 3135 ad
520 3083 626 3134 terram
643 3075 741 3143 elidit;
765 3075 819 3135 sed
835 3075 938 3134 iterum
952 3085 1042 3155 atque
1054 3074 1162 3135 iterum
1176 3097 1234 3136 ser·

278 3181 351 3240 pens
365 3161 474 3219 collum
488 3161 553 3238 ejus
571 3161 787 3240 complectitur,
802 3161 868 3241 ipso
887 3159 1047 3219 identidem
1064 3161 1235 3240 projiciente

278 3245 408 3325 nihilque
428 3243 616 3325 proficiente3
641 3255 731 3325 atque
750 3247 792 3305 ita
811 3246 899 3304 miser
915 3245 965 3304 ille
984 3253 1151 3326 serpentem
1174 3247 1236 3306 sive

279 3331 307 3388 in
323 3349 430 3408 aquam
445 3330 508 3388 sive
523 3330 551 3388 in
566 3331 664 3409 ignem
671 3333 786 3409 jacere,
796 3331 886 3390 immo
898 3337 928 3389 et
940 3329 1017 3389 ferro
1030 3326 1059 3388 in
1073 3331 1236 3410 particulas

279 3414 430 3473 dissecare
451 3414 556 3493 potuit,
572 3415 626 3474 sed
639 3417 765 3494 qualiter
781 3415 937 3475 confestim
956 3413 1063 3474 rediret
1082 3415 1161 3476 scire
1179 3437 1235 3477 non
1246 3431 1272 3476 ³5

279 3498 382 3560 valuit.
426 3498 467 3557 Et
485 3499 624 3578 imprimis
637 3499 757 3580 quidem
771 3520 880 3581 parvus
894 3507 967 3570 erat,
983 3498 1038 3560 sed
1051 3500 1196 3580 paulatim
1209 3503 1236 3562 in

280 3585 376 3662 majus
395 3594 576 3655 excreverat,
590 3605 645 3644 nec
659 3595 755 3645 tamen
772 3586 831 3644 nlla
844 3586 957 3644 interim
972 3585 1077 3645 veneni
1090 3586 1235 3647 infusione

280 3672 376 3749 ipsum
395 3667 532 3728 laedebat.
577 3671 705 3736 Quoties
726 3691 797 3731 vero
816 3671 973 3730 ecclesiam
997 3672 1127 3743 intravit,
1147 3693 1235 3752 qnam

281 3754 459 3814 sanctissimi
482 3752 636 3815 Onthberti
665 3757 795 3836 corporis
821 3757 977 3834 praesentia
1003 3756 1142 3828 illustrat,
1167 3778 1236 3819 mox

316 4032 336 4061 ²⁸
353 4029 434 4104 Fuit]
466 4036 493 4084 S.
508 4037 628 4086 Dnnelm.
640 4049 681 4086 ιιι.
693 4039 739 4087 xii.
755 4031 759 4161 p
774 4038 861 4086 multis
879 4039 924 4098 qui
941 4039 1059 4088 viderant
1077 4053 1156 4101 quam
1168 4053 1236 4102 saepe

283 4105 339 4152 who
350 4106 445 4154 relatas
456 4106 506 4155 this
515 4108 619 4156 miracle
632 4107 740 4156 ‘sicuta
774 4105 940 4157 audivimus!
