2850 4890
524 399 704 450 huorono
721 400 809 451 vnn,
825 400 938 449 rnna.
1143 385 1206 450 1⁰1

551 691 712 768 CAPUT
735 692 903 760 XXVII.

254 858 412 930 Quomodo
431 862 593 927 inreritum
612 861 768 950 Eopfrr'di
788 866 882 951 repis,
902 875 933 929 ot
952 864 1076 929 mittito
1097 865 1207 951 ipsius,

293 987 379 1051 quem
401 965 602 1052 predixerat
618 965 778 1052 futurum,
801 968 836 1030 in
860 968 978 1053 spiritu
1004 967 1124 1031 videret
1152 966 1208 1032 ab·

290 1090 372 1134 reos.
1016 1102 1026 1120 ·

221 1271 336 1354 abdi».
368 1269 510 1337 Iclrun
532 1272 613 1336 dum
639 1272 820 1355 Eogfridus
839 1291 901 1336 rex
922 1292 1009 1337 ausu
1029 1271 1209 1337 temerario
1226 1285 1260 1335 Α.
1270 1285 1302 1334 D.
1310 1289 1369 1334 oss.

252 1374 438 1438 exercitum
451 1374 487 1437 in
496 1372 615 1439 Pictos
626 1374 776 1454 duceret,
788 1395 971 1458 eorumque
984 1394 1088 1456 regna
1099 1375 1208 1439 atroci
1226 1353 1383 1454 dhigd‘r'ssdir

252 1476 388 1541 saevitia
408 1475 617 1556 devastaret,
635 1477 749 1542 sciens
769 1478 823 1542 vir
840 1475 981 1540 Domini
995 1475 1208 1541 cudberctus
1225 1455 1321 1545 didm
1332 1462 1353 1493 ¹⁰

253 1577 375 1642 adesse
391 1578 668 1663 tempusdequo
688 1599 779 1643 anno
798 1579 970 1662 praeterito
987 1577 1210 1660 interroganti

254 1679 328 1763 ejus
354 1681 462 1743 sorori
485 1680 705 1762 praedixerat,
729 1700 799 1744 non
825 1700 902 1745 eum
932 1680 1079 1762 amplius
1105 1698 1210 1762 quam

208 1799 240 1844 10
252 1800 321 1845 uno
339 1782 450 1845 solum
469 1801 560 1845 anno
579 1801 656 1846 esse
676 1783 856 1859 victurum,
871 1782 966 1846 venit
984 1781 1027 1845 ad
1050 1781 1209 1865 Luguba-

251 1881 335 1946 liam
349 1882 524 1947 civitatem
538 1881 633 1968 (quae
654 1903 676 1947 a
694 1885 833 1967 populis
847 1883 1035 1967 Anglorum
1050 1891 1208 1968 corrupte

252 1983 339 2048 Luel
350 1982 520 2068 vocatur),
530 1993 568 2048 ut
581 1985 809 2069 alloqueretur
820 1987 982 2070 reginam,
994 2006 1071 2070 quoe
1084 1986 1210 2052 ibidem

252 2086 289 2149 in
300 2087 507 2151 monasterio
519 2107 592 2151 suae
606 2089 733 2152 sororis
744 2096 904 2153 eventum
917 2089 997 2152 belli
1009 2086 1209 2170 exspectare

252 2187 434 2270 disposuit.
478 2186 625 2254 Postera
647 2198 763 2254 autem
783 2191 838 2255 die
863 2189 1111 2254 deducentibus
1132 2210 1210 2254 eum

209 2288 401 2366 minibus,
420 2296 460 2353 ut
476 2289 607 2355 videret
624 2293 752 2356 moenia
774 2292 936 2369 civitatis,
958 2290 1155 2373 fontemque
1174 2291 1210 2355 in

253 2410 297 2455 ea
315 2391 401 2454 miro
419 2391 593 2474 quondam
614 2391 847 2457 Romanorum
867 2411 968 2475 opere
988 2398 1211 2471 exstructum,

253 2499 394 2575 repente
409 2494 567 2556 turbatus
582 2492 717 2575 spiritu,
734 2501 774 2558 ut
793 2495 911 2558 stabat
923 2512 1027 2576 super
1041 2493 1211 2571 baculum,

253 2601 413 2659 moestam
447 2593 570 2659 faciem
598 2595 740 2660 deflexit
768 2595 812 2660 ad
846 2603 982 2671 terram,
1009 2613 1211 2677 rursumque

253 2696 387 2778 erigens
401 2715 439 2760 se
455 2704 559 2779 atque
575 2695 619 2760 ad
639 2697 763 2760 coelum
784 2696 904 2760 oculos
925 2694 1105 2774 adtollens,
1118 2696 1213 2777 inge-

207 2798 340 2862 nomuit
373 2797 533 2879 graviter,
561 2804 597 2861 et
624 2816 693 2860 non
728 2796 847 2880 grandi
875 2815 961 2862 voce
988 2796 1049 2874 ait,
1078 2795 1211 2859 ‘Forte

251 2898 354 2963 modo
375 2899 556 2963 discrimen
575 2897 704 2963 factum
725 2906 779 2964 est
797 2898 1013 2963 certaminis?
1056 2896 1105 2961 At
1117 2916 1212 2980 pres-

252 3002 354 3086 byter
381 3001 441 3084 qui
470 3001 645 3078 adstabat,
674 3000 870 3083 intelligens
901 2999 943 3064 de
973 3019 1042 3082 quo
1071 2999 1211 3078 diceret,

297 3235 715 3310 ¹CarouXXVII.]Vit.Anon.
750 3240 923 3302 ‘praepositus
952 3239 1084 3303 civitatis,'
1113 3254 1211 3290 accom-

253 3311 330 3379 §3⁷3
347 3311 402 3361 vit.
415 3312 481 3361 Met.
492 3313 557 3373 Cap.
570 3324 649 3362 xxrx.
750 3312 844 3373 panied
860 3311 904 3360 the
920 3311 1024 3359 visitors
1042 3311 1069 3360 in
1087 3310 1154 3360 their
1172 3312 1211 3360 in·

289 3379 309 3412 ¹⁰
324 3378 480 3452 hugardis]
493 3379 550 3432 The
559 3383 612 3444 city
620 3382 716 3432 ofCar·
750 3382 865 3443 spection
877 3380 906 3429 of
915 3380 958 3429 the
970 3381 1126 3430 curiosities.

252 3452 323 3503 liele.
785 3449 804 3480 ¹⁵
820 3449 983 3515 Fanumque]
1024 3452 1079 3501 The
1096 3452 1210 3512 descrip-

289 3520 309 3552 ¹²
326 3521 407 3586 huet]
437 3522 506 3572 Itis
526 3537 555 3572 so
576 3523 669 3573 named
689 3523 716 3572 in
749 3522 1076 3584 tionofafountain,ora
1092 3521 1210 3583 building

253 3595 297 3644 tho
309 3592 476 3655 Anonymons
488 3593 556 3656 Life,
568 3591 581 3659 ξ
594 3597 635 3643 37.
748 3594 878 3655 supposed
898 3599 925 3641 to
943 3593 1009 3643 have
1025 3593 1088 3642 been
1106 3608 1164 3655 one,
1183 3593 1210 3640 in

289 3660 309 3693 ¹²
326 3658 467 3733 Reginum]
551 3664 715 3726 Etheltruda,
749 3663 833 3714 which
843 3663 885 3712 tho
895 3662 1209 3712 tracesoiRomanwork-

254 3735 382 3796 daughter
393 3733 423 3784 of
436 3733 521 3796 Anna,
533 3734 598 3796 king
609 3733 638 3783 of
652 3735 717 3784 East
748 3734 866 3795 manship
879 3747 922 3783 aro
939 3733 993 3794 still
1009 3733 1172 3794 discernible,
1185 3733 1208 3781 is

255 3803 361 3868 Anglia.
388 3806 437 3855 See
450 3805 485 3855 H.
500 3806 532 3854 E.
545 3807 580 3855 iv.
592 3807 633 3854 lb.
664 3805 716 3854 She
749 3805 824 3865 given
846 3805 873 3852 in
894 3801 1000 3864 Lyson's
1021 3803 1120 3864 Magna
1141 3804 1208 3852 Brit.

254 3877 433 3926 iosomotimes
445 3875 530 3924 called
540 3875 715 3935 Etheldritha,
749 3874 935 3934 cumberland,
958 3888 985 3935 p.
1006 3874 1081 3922 ccvii.
1125 3872 1207 3920 Smith

255 3946 401 3995 sometimes
410 3944 579 3994 Etheldreda.
617 3945 668 3994 She
677 3945 716 3995 as·
748 3960 859 4006 appears
876 3948 901 3992 to
922 3943 987 3993 have
1009 3942 1061 3992 had
1078 3941 1122 3991 tho
1138 3956 1208 3990 same

255 4015 496 4066 terwardsheoame
508 4014 600 4064 abhess
609 4015 638 4064 of
645 4017 703 4077 Ely.
748 4015 909 4064 information
924 4014 988 4062 from
1001 4014 1136 4076 Nicolson,
1149 4013 1209 4063 then

291 4085 311 4116 ¹⁶
329 4078 449 4153 Cinium]
478 4084 533 4134 Tho
550 4084 716 4147 Anonymous
747 4086 839 4148 hishop
851 4086 880 4135 os
887 4085 1008 4136 Carlisle.

255 4157 312 4209 Life
328 4157 434 4207 informs
449 4170 479 4206 ua
498 4157 554 4207 that
572 4157 656 4222 Paga,
673 4157 715 4206 the
