2850 4890
146 548 209 589 Anno

76 597 150 639 Manat
173 601 259 641 Christi.

80 656 155 704 41³1.
192 659 249 705 180.

77 846 152 893 4144.
191 849 246 896 193.

73 1661 147 1706 4144.
186 1661 241 1708 194.

68 2974 142 3019 4163.
179 2976 237 3022 212.

282 356 346 420 174
473 373 560 420 vnn.
581 371 688 418 uuum
706 370 1047 433 canonicorumve

282 550 354 594 rum
385 529 505 595 Romae
537 530 738 612 episcopum
767 530 926 613 epistola,
954 537 994 593 ut
1025 528 1240 595 Christianus

281 632 448 697 efficiatur
458 632 628 714 impetrat.
659 630 870 712 Apollinaris
882 631 1036 695 Asianus
1048 630 1241 715 Hierapoli,

281 742 317 798 et
330 735 519 818 Dionysius
535 733 701 809 Corinthi,
715 733 799 797 clari
813 732 982 797 habentur
997 733 1164 815 episcopi.

324 837 363 901 L.
391 837 588 902 Antoninus
617 836 826 901 Commodus
856 842 1105 917 postmortem
1132 835 1240 918 patris

279 941 434 1020 regnavit
462 958 571 1003 annos
601 955 693 1002 xllt.
738 937 808 1002 Hic
837 937 1016 1002 adversum
1045 935 1237 1002 Germanos
1264 955 1276 996 s

278 1040 405 1103 bellum
432 1039 579 1105 feliciter
607 1039 725 1121 gessit,
751 1046 901 1104 ceterum
928 1039 1094 1120 ipseper
1126 1038 1260 1120 omnia·

277 1141 424 1205 luxuriae
445 1148 480 1205 et
499 1141 723 1206 obscoenitati
743 1141 960 1223 mancipatus
980 1139 1066 1202 nihil
1085 1146 1237 1222 paternae

279 1242 416 1306 virtutis
428 1250 462 1305 et
474 1242 615 1325 pietatis
627 1241 740 1306 simile
749 1243 865 1324 gessit.
889 1241 1043 1305 Irenaeus
1054 1241 1238 1323 episcopus

277 1342 517 1426 Lugdunensis
538 1343 683 1426 insignis
705 1343 861 1407 habetur.
905 1341 1114 1407 Commodus
1132 1343 1239 1426 impe-

276 1453 379 1520 rator,
396 1443 533 1508 Colossi
557 1445 672 1527 capite
693 1444 843 1521 sublato,
859 1462 931 1508 suae
951 1443 1112 1526 imaginis
1131 1451 1275 1526 caputio

277 1547 308 1609 ai
318 1545 425 1629 jussit
439 1547 579 1629 imponi.

320 1648 433 1711 AElius
457 1648 625 1713 Pertinax
643 1669 779 1713 menses
802 1666 852 1711 vt.
896 1647 967 1712 Hic
986 1646 1119 1711 Juliani
1133 1646 1237 1730 juris-

276 1749 377 1831 periti
404 1750 533 1814 scelere
563 1750 731 1814 occiditur
756 1750 793 1813 in
813 1750 957 1832 palatio,
982 1767 1095 1832 quem,
1120 1767 1236 1813 mense

276 1851 422 1934 septimo
432 1859 616 1933 postquam
628 1860 781 1934 coeperat
791 1850 970 1934 imperare,
984 1848 1133 1914 Severus
1145 1850 1235 1933 apud

275 1959 414 2035 pontem
440 1951 601 2016 Milvium
626 1951 717 2016 bello
738 1951 869 2016 victum
890 1950 1069 2015 interfecit.
1114 1949 1273 2016 Victoris

275 2051 428 2116 decimus
445 2053 565 2115 tertius
581 2049 704 2118 Romae
719 2052 904 2134 episcopus
919 2051 1011 2116 datis
1024 2051 1096 2115 late
1109 2051 1235 2117 libellis

274 2154 454 2217 constituit
476 2151 606 2235 pascha
631 2153 686 2216 die
705 2153 874 2216 dominico
894 2152 1067 2230 celebrari,
1088 2153 1180 2218 sicut
1201 2162 1235 2219 et

275 2253 509 2336 praedecessor
519 2253 594 2336 ejus
611 2251 817 2317 Eleutherus
832 2273 854 2317 a
867 2254 989 2336 quinta
1003 2253 1137 2319 decima
1151 2255 1234 2321 luna

273 2354 375 2435 primi
390 2354 517 2417 mensis
532 2373 641 2436 usque
657 2354 693 2417 in
708 2354 907 2418 vicesimam
922 2355 1077 2436 primam.
1125 2355 1233 2440 Cujus

273 2455 419 2519 decretis
446 2454 568 2519 favens
594 2453 804 2538 Theophilus
833 2454 1002 2520 Caesareae
1031 2456 1273 2524 Palaestiuaeso

272 2556 469 2638 episcopus,
481 2556 619 2638 scripsit
631 2557 797 2621 adversus
810 2577 881 2634 eos,
893 2557 952 2641 qui
963 2566 1086 2641 quarta
1102 2559 1236 2625 decima

271 2659 355 2723 luna
377 2677 454 2722 oum
475 2656 609 2722 Judaeis
631 2657 762 2740 pascha
786 2658 971 2735 celebrant,
994 2678 1071 2723 cnm
1096 2661 1233 2740 ceteris,

273 2759 377 2842 quiin
386 2759 506 2822 eodem
516 2757 670 2831 Concilio
683 2759 826 2823 aderant
837 2758 1022 2841 episcopis,
1031 2760 1233 2842 synodicam

273 2868 308 2924 et
322 2860 424 2925 valde
439 2860 557 2924 utilem
573 2859 768 2943 epistolam.

314 2961 461 3026 Severus
477 2959 643 3024 Pertinax
666 2980 774 3025 annos
792 2978 907 3024 xvur.
951 2962 1109 3026 Clemens
1123 2962 1271 3028 Alex-es

270 3062 422 3126 andrinae
447 3062 602 3126 ecclesiae
621 3064 810 3147 presbyter,
830 3071 865 3126 et
883 3063 1072 3127 Pantaenus
1092 3063 1231 3129 Stoicus

269 3160 505 3244 philosophus,
516 3164 551 3226 in
567 3164 801 3246 disputatione
817 3164 986 3245 dogmatis
1000 3164 1110 3227 nostri
1123 3164 1231 3229 diser·

269 3261 394 3324 tissimi
404 3262 581 3326 habentur.
611 3263 798 3328 Narcissus
810 3264 1128 3347 Hierosolymorum
1138 3266 1230 3348 epis-

268 3382 388 3444 copuS,
422 3375 458 3428 et
489 3364 699 3447 Theophilus
734 3366 977 3444 Caesaroensis,
1012 3365 1230 3450 Polycarpus

265 3482 405 3546 quoque
425 3471 460 3528 et
480 3464 666 3549 Bachylus,
686 3466 829 3531 Asianae
849 3466 1037 3548 provinciae
1061 3467 1268 3551 episcopi,ao

265 3564 417 3645 insignes
446 3565 624 3630 habentur.
676 3568 920 3632 Persecutione
948 3568 985 3629 in
1012 3565 1227 3635 Christianos

264 3664 368 3741 facta,
388 3665 524 3747 plurimi
544 3687 604 3749 per
624 3667 778 3732 diversas
802 3666 1010 3750 provincias
1030 3667 1121 3731 inter
1139 3689 1227 3752 quos
1244 3710 1247 3715 -

265 3776 300 3832 et
314 3766 485 3831 Leonides
497 3775 594 3849 pater
607 3767 775 3850 OrigeniS,
788 3769 951 3851 martyrio
963 3771 1117 3833 coronati
1133 3780 1224 3836 suut.

266 3869 387 3934 Clodio
411 3869 548 3947 Albino,
568 3872 628 3954 qui
648 3892 685 3935 se
706 3872 741 3934 in
760 3871 877 3935 Gallia
893 3870 1066 3935 Caesarem
1085 3872 1223 3951 fecerat,

266 3970 357 4051 apud
377 3970 580 4054 Lugdunum
600 3972 788 4049 interfecto,
804 3974 951 4037 Severus
972 3974 1007 4036 iu
1023 3971 1224 4039 Britannias
1236 3995 1265 4038 as

264 4070 389 4134 bellum
421 4071 592 4150 transfert,
619 4075 679 4136 uhi
709 4082 748 4138 ut
774 4082 931 4157 receptas
957 4073 1151 4157 provincias
1178 4078 1222 4140 ab
