2850 4890
106 570 169 611 Anno

37 621 118 662 unser.
136 621 220 662 Ghrlrtl.

233 365 298 431 188
412 383 499 430 vsu.
517 381 625 430 annu
643 381 881 445 cunonrcou,
897 381 982 431 srvn

231 541 308 605 lone
330 539 476 604 insulam
497 559 559 622 pro
579 540 746 622 indigenis
762 548 960 605 murotenus
978 549 1189 624 capessunt:

45 679 120 727 tros.
148 680 208 726 444,
231 663 295 707 nec
323 662 429 720 mora,
458 643 570 720 caesis,
598 644 722 724 captis,
754 643 950 726 fugatisque
984 643 1188 709 custodibus

58 3497 133 3543 4410.
163 3496 222 3541 459.

233 745 330 821 muri,
345 753 380 809 et
392 744 470 826 ipso
483 745 673 825 interrupto
688 744 804 823 etiam,
819 747 911 810 intra
926 745 1022 811 illum
1038 745 1193 811 crudelis

234 846 351 929 praedo
361 854 547 928 grassatur.
584 846 735 910 Mittitur
745 847 894 928 epistola
904 847 1055 912 lacrimis
1069 866 1192 912 aerum-

235 948 358 1030 nisque
369 946 494 1012 referta
505 947 547 1011 ad
562 946 729 1011 Romanae
744 948 929 1030 potestatis
941 948 1053 1012 virum
1061 948 1194 1012 AEtium
1216 965 1230 1009 ε

235 1055 287 1112 ter
311 1048 486 1112 consulem
504 1048 667 1112 vicesimo
690 1049 791 1112 tertio
813 1047 1000 1113 Theodosii
1023 1050 1193 1134 principis

238 1168 340 1227 anno,
369 1156 490 1232 petens
522 1148 698 1224 auxilium,
734 1167 797 1211 nec
828 1149 998 1230 impetrat.
1056 1149 1193 1216 Interea

237 1251 346 1315 fames
366 1250 440 1314 dira
460 1268 501 1312 ac
523 1248 754 1312 famosissima
775 1247 936 1330 profugos
954 1249 1107 1330 infestat,
1125 1272 1194 1335 qua

238 1353 350 1417 coacti
384 1350 522 1433 quidam
557 1351 715 1415 hostibus
744 1350 866 1414 dedere
893 1369 1028 1427 manus,
1058 1354 1118 1417 alii
1152 1354 1194 1418 de

239 1454 423 1530 montibus,
441 1452 614 1536 speluncis
634 1472 675 1516 ac
701 1452 847 1517 saltibus
863 1460 1001 1518 strenue
1024 1473 1233 1538 repugna-ro

239 1556 335 1632 bant,
364 1574 405 1619 ac
434 1564 565 1637 strages
591 1554 747 1617 hostibus
777 1553 918 1616 dabant.
960 1554 1196 1621 Revertuntur

241 1657 351 1721 Scotti
365 1657 512 1733 domum,
523 1663 604 1738 post
618 1673 686 1717 non
698 1654 842 1717 multum
858 1663 993 1737 tempus
1009 1659 1196 1739 reversuri;

241 1758 333 1823 Picti
364 1765 551 1821 extremam
577 1756 700 1821 insulae
726 1763 858 1839 partem
889 1764 960 1820 tum
988 1759 1136 1840 primum
1161 1767 1196 1823 et

240 1859 401 1940 deinceps
415 1859 636 1922 inhabitaturi
652 1857 815 1922 detinent.
861 1858 1000 1922 Famem
1014 1861 1196 1943 praefatam

240 1978 365 2040 magna
389 1958 531 2040 frugum,
548 1959 734 2040 opulentia,
760 1959 969 2043 opulentiam
994 1962 1133 2028 luxuria
1162 1971 1236 2028 etrs

241 2062 458 2143 negligentia,
477 2062 717 2143 negligentiam
740 2060 816 2125 lues
840 2063 1003 2127 acerrima
1028 2071 1064 2128 et
1086 2067 1197 2130 acrior

244 2182 324 2226 mox
349 2163 497 2227 hostium
523 2182 700 2240 novorum,
724 2163 758 2227 id
784 2170 848 2241 est,
873 2162 1072 2246 Anglorum,
1094 2167 1199 2250 plaga

244 2272 364 2329 secuta
388 2273 461 2346 est;
483 2285 570 2347 quos
594 2264 645 2328 illi
671 2265 822 2328 unanimi
848 2265 992 2329 consilio
1017 2285 1096 2329 cum
1119 2289 1197 2350 rege

244 2386 308 2430 suo
336 2367 553 2448 Uurtigerno,
580 2366 681 2448 quasi
707 2365 903 2430 defensores
932 2369 1064 2449 patriae,
1089 2370 1135 2433 ad
1162 2389 1199 2433 se
1249 2382 1255 2399 ¹

245 2468 442 2534 invitandos
460 2469 643 2549 elegerunt,
657 2468 717 2531 sed
736 2476 900 2550 exceptos
919 2490 1000 2534 mox
1019 2471 1239 2555 impugna-no

245 2578 335 2636 tores
346 2578 449 2653 atque
458 2577 711 2651 expugnatores
723 2578 911 2634 senserunt.
937 2569 1199 2639 XistusRomae

246 2674 430 2755 episcopus
456 2671 536 2736 fecit
564 2670 741 2736 basilicam
769 2681 899 2737 sanctae
928 2672 1050 2739 Mariae
1078 2678 1200 2741 matris

247 2773 399 2850 Domini,
414 2791 492 2854 quae
512 2774 556 2835 ab
576 2772 729 2854 antiquis
749 2771 864 2836 Liberi
885 2775 1200 2854 cognominabatur.

247 2874 407 2939 Eudoxia
422 2893 509 2938 uxor
520 2871 705 2936 Theodosii
716 2874 880 2956 principis
893 2875 937 2939 ab
949 2875 1202 2962 Hierosolymis

249 2976 421 3050 remeavit,
437 2973 626 3039 beatissimi
648 2972 814 3056 Stephani
832 2977 930 3058 primi
945 2980 1104 3062 martyris
1124 2981 1241 3045 reli-nr

248 3078 361 3160 quias,
386 3096 464 3160 quae
494 3076 530 3138 in
560 3077 705 3140 basilica
733 3078 846 3141 sancti
873 3077 1050 3145 Laurentii
1076 3083 1202 3165 positae

248 3187 463 3252 venerantur,
492 3197 608 3241 secum
637 3177 802 3242 deferens
864 3178 999 3245 Blaedla
1026 3190 1062 3246 et
1089 3181 1205 3250 Attila

247 3279 369 3343 fratres
378 3277 627 3360 multarumque
639 3280 790 3360 gentium
798 3298 894 3362 reges
907 3280 1082 3366 Illyricum
1091 3284 1204 3351 Thra-

249 3382 404 3460 ciamque
419 3378 618 3462 depopulati
633 3387 722 3444 sunt.
1194 3406 1198 3410 ·

290 3480 483 3544 Martianus
510 3487 546 3544 et
570 3478 837 3547 Valentinianus
867 3485 967 3548 annis
995 3504 1061 3550 vu.
1106 3488 1203 3555 Gens
1214 3509 1242 3555 ru

251 3582 439 3664 Anglorum
459 3583 533 3646 sive
553 3582 730 3646 Saxonum
746 3583 952 3650 Brittaniam
971 3588 1078 3653 tribus
1092 3591 1205 3675 longis

294 3823 304 3852 ⁴
321 3821 451 3884 staua]
471 3822 709 3885 H.E.l,xiii.§32.
778 3819 798 3851 ²⁷
814 3819 931 3892 saecu]
969 3826 1004 3875 rr.
1022 3829 1053 3877 n.
1071 3833 1096 3890 r,
1112 3831 1169 3881 xm.
1192 3834 1204 3895 a

253 3935 255 3939 .
288 3891 305 3920 ¹¹
324 3886 507 3959 Revertantur]
531 3893 567 3941 Η.
579 3895 645 3956 E.l,
658 3894 710 3942 xiv.
744 3897 784 3941 32.

252 3966 318 4028 §aa
779 3960 799 3991 ³⁰
818 3960 1049 4035 Genslngumm]
1085 3970 1122 4019 H.
1135 3972 1205 4034 E.l,

288 4031 306 4061 ¹⁹
328 4032 496 4095 Uurtr'geruo]
531 4032 566 4081 H.
581 4034 611 4081 E.
623 4035 645 4095 1,
658 4034 710 4083 xiv.
744 4031 865 4099 xv.§35.
995 4066 997 4071 ·
