2850 4890
46 1005 185 1055 Proceedlnga

45 1061 70 1099 ot
78 1057 111 1098 the
120 1057 203 1096 monta.

60 2539 152 2581 Electiou
163 2539 186 2577 ot

59 2590 209 2632 Hwaetbercht.

212 308 278 373 328
341 370 344 377 ,
591 318 801 368 neruuurx.

217 471 255 533 ad
270 469 467 531 obedientiam
486 471 565 531 novi.
610 470 729 530 Christe
743 469 829 530 Deus
844 465 973 529 defende
990 467 1059 527 illos
1069 466 1090 525 l’
1125 465 1176 526 Sic

216 578 355 636 egressus
374 576 480 616 navem
499 555 603 616 adorat
617 555 657 616 ad
670 576 798 626 crucem,
813 552 1008 632 ascenditque
1023 573 1133 632 equum
1147 560 1177 610 et

218 645 300 711 abiit,
316 643 441 721 abjectis
466 643 641 701 secularium
662 662 757 701 rerum
777 641 866 712 curis,
888 640 1033 700 festinans
1054 638 1093 698 ab
1114 640 1178 718 ipsa

219 749 337 808 quoque
356 736 485 805 cognata
497 729 554 787 sibi
569 727 735 805 Auglorum
756 737 842 805 gente
857 727 1036 806 peregrinari
1051 725 1080 782 iu
1094 725 1177 799 terris

219 835 280 894 quo
293 814 410 872 liberior
429 813 633 892 puriorumque
648 814 746 872 animo
760 811 799 871 ad
813 811 1044 890 contemplanda
1057 810 1176 888 angelo·
1202 825 1215 866 a

220 920 284 960 rum
298 899 448 958 consortia
462 898 630 958 redderetur
644 900 672 957 iu
686 899 780 957 coelis.

262 990 339 1058 §tta
361 983 490 1043 Reversi
508 984 548 1044 ad
569 984 726 1044 ecelesiam
750 983 855 1042 fratres
877 981 1026 1061 completa
1049 980 1179 1040 oratione

221 1071 376 1130 consilium
390 1071 490 1129 ineunt
501 1069 573 1148 quid
582 1070 704 1138 faciant,
716 1070 884 1149 placuitque
895 1066 977 1147 quod
990 1069 1065 1126 inter
1079 1087 1180 1146 preces

223 1166 253 1216 et
260 1156 375 1234 jejunia
389 1166 552 1233 quaererent
565 1176 583 1214 a
598 1155 727 1214 Domino
742 1175 830 1234 quern
841 1154 898 1212 sibi
911 1154 1052 1212 abbatem
1067 1172 1180 1231 praepo·

223 1250 334 1301 nerent.
376 1240 438 1300 Sed
452 1241 521 1320 quia
540 1250 721 1320 praeceperat
735 1241 837 1299 abiens
854 1248 937 1318 pater
950 1238 1128 1298 venerabilis
1145 1257 1179 1294 ne
1191 1250 1216 1294 lu

224 1328 276 1407 qui
287 1327 324 1386 de
339 1327 397 1385 illis
411 1327 478 1406 ipsa
491 1346 553 1385 suae
568 1327 746 1404 egressionis
763 1326 810 1384 die
824 1327 984 1403 jejunaret,
1000 1325 1071 1402 quin
1086 1325 1182 1402 potius

225 1433 327 1473 omnes
342 1414 436 1490 majus
451 1413 616 1471 convivium
631 1414 781 1481 habereut,
796 1421 826 1469 et
840 1411 879 1469 ob
893 1409 924 1469 id
936 1412 1024 1469 etiam
1040 1408 1182 1488 quosdam

225 1498 263 1559 de
292 1499 353 1557 suis
381 1499 537 1558 comitibus
564 1497 644 1577 apud
672 1518 725 1556 eos
754 1517 848 1575 usque
877 1495 918 1554 ad
949 1503 1185 1554 consummatum

225 1583 378 1663 prandium
407 1592 581 1662 exspectare
616 1592 809 1662 praeceperat,
846 1585 923 1658 (erat
956 1590 1055 1640 autem
1084 1581 1184 1659 quinta

226 1670 300 1729 feria
323 1676 390 1727 aute
411 1668 599 1728 Domiuieam
618 1669 845 1741 Pentecosten,)
868 1667 964 1726 visum
982 1675 1027 1725 est
1052 1664 1220 1744 sequentiis

227 1755 276 1814 die
297 1774 333 1813 ac
358 1765 445 1813 nocte
459 1753 665 1833 jejunandum,
687 1763 717 1813 et
738 1754 862 1813 sabbato
886 1761 999 1810 tautum
1023 1751 1062 1809 ad
1086 1753 1185 1809 horam

229 1860 337 1899 nonam
351 1839 551 1910 reficiendum,
563 1840 633 1918 quia
643 1848 760 1919 propter
770 1839 885 1917 vigilias
898 1837 1065 1897 Dominicae
1081 1837 1187 1895 sollen-

229 1926 328 1984 nitatis
349 1925 510 2004 nequibant
525 1925 600 1985 ultra
613 1926 759 2004 protelare
773 1925 929 2003 jejunium.
974 1921 1037 1982 Sed
1057 1931 1089 1980 et
1106 1922 1186 2000 psal-

230 2031 295 2070 mos
315 2030 372 2068 nou
394 2030 506 2090 paucos
524 2031 577 2090 per
595 2030 742 2088 congruas
764 2009 916 2069 canonicae
940 2007 1082 2068 orationis
1103 2009 1188 2066 horas

230 2093 1026 2175 augendos,obseerandamqueabomnibussupernam
1035 2094 1226 2172 pietatem,2t

230 2189 375 2261 quatenus
389 2201 425 2239 eo
439 2180 488 2240 die
498 2203 558 2260 quo
569 2203 621 2261 per
632 2182 733 2242 Sancti
744 2181 870 2260 Spiritus
883 2180 1041 2239 adventum
1053 2179 1189 2238 ecclesiae

232 2287 294 2327 suae
306 2266 463 2346 primordia
476 2287 650 2327 consecrare
664 2267 786 2344 dignata
796 2276 852 2335 est,
864 2267 952 2325 etiam
962 2266 1048 2344 ipsis,
1063 2265 1190 2343 portioni

230 2353 371 2412 videlicet
389 2353 535 2422 ecclesiae,
555 2374 606 2433 per
624 2354 758 2433 ejusdem
779 2352 906 2432 Spiritus
928 2352 1051 2429 gratiam
1071 2349 1191 2428 dignum

232 2437 401 2499 ostenderet
416 2437 585 2498 Rectorem.
996 2478 999 2484 ·

276 2529 353 2597 §aa
383 2522 446 2582 His
466 2524 508 2582 ita
528 2525 696 2604 completis,
717 2531 859 2583 venerunt
877 2523 929 2582 illo
951 2521 989 2581 de
1013 2520 1192 2580 monasterio
1201 2533 1229 2580 tt

234 2609 330 2669 sancti
347 2609 438 2668 Pauli
454 2610 607 2688 perplures
628 2630 645 2669 e
668 2610 805 2669 fratribus
828 2610 876 2668 die
899 2608 1057 2668 Dominico
1081 2608 1192 2666 Pente·

235 2704 349 2763 costen,
370 2704 401 2752 et
420 2697 555 2754 unanimo
574 2696 697 2755 consilio
714 2696 866 2773 elegerunt
884 2693 1141 2753 Hwaetbercbtum
1163 2693 1193 2751 in

235 2780 301 2839 loco
327 2781 444 2839 abbatis
473 2780 678 2852 ordinandum,
705 2781 755 2861 qui
783 2782 811 2838 in
839 2780 1016 2839 monasterio
1044 2777 1150 2838 eodem
1174 2797 1194 2836 a

235 2867 331 2944 prima
356 2875 443 2924 aetate
468 2877 674 2936 conversatus,
693 2877 724 2926 et
745 2866 949 2926 ecclesiastica
969 2864 1055 2923 siurul
1075 2885 1112 2923 ac
1133 2885 1194 2923 mo·

236 2951 387 3010 nasteriali
410 2951 534 3010 scientia
558 2953 696 3020 imbutus,
717 2955 781 3030 jam
805 2963 876 3011 tunc
899 2951 1076 3032 presbyterii
1103 2949 1194 3027 gradu
1207 2961 1235 3010 at

236 3037 380 3117 pollebat.
425 3036 490 3096 Hic
506 3057 577 3115 ergo
592 3058 660 3097 mox
675 3039 769 3097 abbas
784 3038 897 3097 electus
912 3037 1029 3115 scripsit
1039 3036 1196 3115 epistolam

236 3143 296 3201 quo
322 3123 489 3201 apostolico
516 3143 602 3202 papae
631 3134 744 3203 patrem
772 3123 1080 3202 praedecessoremque
1111 3141 1197 3181 suum

237 3207 467 3277 commendaret,
479 3209 564 3267 simul
580 3219 610 3268 et
623 3229 743 3268 munera
753 3229 820 3289 quae
832 3211 959 3268 mitteret
969 3208 1094 3287 paravit,
1110 3228 1197 3266 secu·

236 3303 344 3372 tuaque
366 3296 431 3370 ejus
452 3296 576 3372 vestigia
595 3315 662 3353 cum
683 3295 860 3373 quibusdam
881 3316 897 3353 e
917 3294 1054 3352 fratribus
1069 3293 1142 3370 legit
1155 3292 1197 3351 illi

237 3378 405 3457 epistolam,
418 3389 449 3438 et
463 3378 541 3438 dona
555 3400 622 3458 quae
637 3380 763 3440 deferret
776 3380 907 3460 protulit,
919 3379 1071 3438 inveniens
1086 3399 1154 3437 euur
1168 3379 1196 3436 in
1209 3393 1237 3438 35

238 3465 417 3522 monasterio
439 3465 595 3537 AElberhti,
617 3464 700 3546 quod
717 3473 763 3526 est
781 3469 869 3526 situm
889 3467 918 3524 iu
939 3465 1008 3525 loco
1027 3465 1078 3544 qui
1096 3464 1198 3523 Cornu

237 3547 337 3608 Vallis
353 3550 528 3630 appellatur.

273 3851 293 3882 ³⁶
311 3855 390 3903 Cornu
411 3851 510 3924 Vallia]
547 3856 601 3905 The
620 3857 700 3905 situa·
737 3857 803 3906 alter
816 3857 866 3905 this
877 3872 1037 3919 occurrence,
1052 3858 1103 3906 arrd
1123 3874 1201 3907 never

237 3924 290 3972 tion
316 3926 344 3973 of
366 3926 417 3974 this
440 3933 584 3988 monastery
602 3927 624 3974 is
642 3943 700 3975 now
737 3929 840 3977 rebuilt.
879 3928 952 3976 From
967 3927 1069 3976 whatis
1081 3931 1165 3978 stated
1174 3935 1202 3977 at

237 3995 377 4045 unknown.
414 3996 504 4046 Itwas
517 4000 643 4059 probably
657 4000 700 4047 dc·
738 4000 815 4062 §31,
839 4000 860 4047 it
879 4013 935 4047 was
955 3998 1068 4060 perhaps
1086 4001 1201 4050 situated

235 4067 340 4126 etroyed
362 4067 394 4129 by
424 4067 466 4116 the
492 4070 577 4120 Danas
604 4068 699 4130 shortly
739 4086 806 4131 upon
820 4069 862 4118 the
872 4070 941 4118 river
954 4069 1082 4120 Humber.
