2850 4890
461 369 640 417 AUCTORE
658 372 679 416 V
686 373 746 419 EN.
764 373 876 418 BEDA.

511 763 672 830 CAPUT
695 766 821 832 XVII.

188 924 319 994 Qualem
333 932 395 995 sibi
410 935 443 996 in
458 935 561 998 irmulu
577 935 707 1014 Furnoe,
723 937 827 1022 pulsis
841 937 1039 1015 damonibus,
1055 938 1146 1002 leubi-

524 1037 670 1100 tatioaem
678 1038 805 1125 fecerit.

184 1252 270 1334 ξ29.
303 1252 358 1318 Ac
384 1262 568 1338 postquam
594 1256 629 1318 in
659 1255 779 1319 eodem
807 1258 1015 1321 monasterio
1037 1259 1146 1322 multa
1164 1267 1313 1346 anneto.

150 1372 348 1418 sannorum
362 1357 533 1420 curricula
545 1356 708 1438 explevit,
724 1358 862 1422 tandem
876 1358 933 1422 diu
951 1360 1144 1443 concupita,
1161 1335 1244 1425 liii?
1254 1343 1275 1376 ¹⁰

183 1458 342 1538 quaesita,
366 1477 407 1521 ac
428 1460 540 1540 petita
562 1457 758 1521 solitudinis
787 1466 932 1536 secreta,
958 1461 1143 1524 comitante
1162 1435 1238 1476 Μ’

181 1556 320 1637 praefati
338 1559 475 1623 abbatis
496 1559 551 1620 sui
573 1557 675 1621 simul
690 1565 725 1622 et
741 1559 900 1622 Fratrum
921 1561 1043 1641 gratia,
1057 1560 1143 1624 mul-

182 1665 256 1720 tum
285 1659 500 1722 laetabundus
531 1659 627 1723 adiit.
674 1659 861 1724 Gaudebat
886 1680 1034 1743 namque
1061 1662 1143 1742 quia

182 1759 226 1823 de
253 1761 355 1842 longa
390 1761 599 1845 perfectione
628 1762 899 1826 conversationis
930 1763 1064 1838 activae,
1098 1763 1141 1826 ad

136 1879 169 1923 10
182 1861 289 1923 otium
312 1861 437 1928 divinae
457 1862 704 1945 speculationis
721 1862 795 1946 jam
816 1869 999 1926 mereretur
1022 1882 1141 1927 ascen-

181 1960 282 2042 dere3
304 1962 489 2029 laetabatur
505 1964 548 2026 ad
565 1983 680 2027 eorum
695 1983 732 2026 se
747 1970 871 2026 sortem
886 1963 1087 2046 pertingere,
1099 1963 1141 2027 de

181 2063 307 2143 quibus
335 2065 468 2128 canitur
495 2065 533 2126 in
561 2065 714 2141 Psalmo,
741 2063 1002 2128 ‘Ambulabunt
1028 2064 1141 2129 sancti

182 2163 225 2226 de
245 2164 371 2229 virtute
391 2165 428 2229 in
445 2167 617 2244 virtutem,
631 2167 803 2232 videbitur
818 2166 915 2229 Deus
934 2165 1085 2228 Deorum
1105 2167 1141 2227 in

182 2263 288 2328 Sion’
332 2265 377 2331 Et
399 2266 538 2349 quidem
561 2268 597 2330 in
619 2267 737 2350 primis
758 2267 840 2331 vitae
862 2266 1024 2341 solitariae
1050 2265 1142 2329 rudi·

138 2382 168 2426 re
182 2366 306 2428 mentis
329 2369 474 2431 secessit
495 2368 539 2433 ad
559 2369 672 2431 locum
686 2368 868 2450 quendam,
883 2368 942 2450 qui
961 2369 996 2430 in
1015 2368 1141 2431 exteri-

180 2465 296 2529 oribus
317 2467 392 2550 ejus
412 2468 508 2532 cellae
533 2470 689 2551 partibus
710 2469 871 2533 secretior
896 2477 1049 2551 apparet.
1093 2466 1142 2533 At

180 2586 259 2629 curn
274 2568 399 2632 ibidem
415 2569 617 2652 aliquandiu
633 2569 806 2632 solitarius
822 2589 898 2633 curn
914 2568 1012 2633 hoste
1024 2570 1142 2634 invisi·

177 2668 240 2732 bili
260 2670 389 2732 orando
410 2690 452 2733 ac
469 2670 660 2754 Jejunandn
680 2676 836 2746 certaret,
851 2668 990 2732 tandem
1010 2669 1142 2752 majora

180 2789 405 2851 praesumens,
417 2770 687 2853 longinquiorem
700 2790 741 2833 ac
753 2772 966 2834 remotiorem
980 2770 1023 2833 ab
1035 2770 1141 2834 bomi-

136 2888 169 2933 20
181 2871 282 2933 nibus
305 2870 417 2934 locum
442 2872 639 2935 certaminis
659 2873 769 2954 petiit.
816 2871 927 2934 Farne
945 2870 1069 2934 dicitur
1090 2871 1141 2934 in-

180 2970 258 3034 sula
279 2971 390 3034 medio
405 2972 441 3034 in
456 2972 542 3035 mari
555 2973 804 3055 posita-quae
816 2991 883 3034 non
900 2973 990 3036 sicut
1005 2971 1141 3035 Lindis-

178 3071 389 3135 farnensium
405 3072 593 3136 incolarum
609 3073 712 3155 regio,
723 3074 776 3136 bis
789 3074 941 3155 quotidie
956 3074 1140 3137 accedente

181 3179 270 3237 aestu
282 3173 414 3250 oceani,
425 3194 525 3256 quem
540 3175 681 3238 rheuma
692 3182 819 3238 vocant
830 3173 956 3247 Graeci,
967 3175 1003 3237 fit
1016 3175 1141 3251 insula,

179 3273 234 3335 bis
246 3275 423 3337 renudatis
440 3276 587 3339 abeunte
599 3276 773 3340 rheumate
786 3276 968 3353 littoribus,
980 3277 1141 3357 contigua

135 3392 167 3436 2⁵
180 3383 278 3437 terrae
294 3374 447 3438 redditur
457 3377 571 3455 3-sed
594 3376 728 3457 aliquot
747 3377 897 3440 millibus
916 3395 1081 3459 passuum
1097 3378 1141 3441 ab

180 3472 245 3536 bac
262 3475 462 3540 semiinsula
477 3478 521 3541 ad
538 3497 654 3541 eurum
668 3484 809 3556 secreta,
822 3486 856 3542 et
871 3478 949 3541 binc
962 3478 1141 3554 altissimo,

179 3584 215 3638 et
243 3577 323 3639 inde
354 3576 486 3641 infinito
513 3580 684 3643 clauditur
714 3599 853 3644 oceano.
896 3579 1023 3643 Nullus
1052 3578 1140 3642 banc

181 3675 284 3740 sacile
315 3685 396 3740 ante
426 3679 590 3743 famulum
616 3681 758 3745 Domini
789 3681 1017 3745 Cudberctum
1045 3681 1140 3743 solus

222 3948 232 3977 ⁴
248 3943 433 4019 superquam]
447 3951 643 4008 Tbiswesatter
677 3951 1141 4016 Lindislarne,consequentlyinmn.

178 4033 194 4067 a
214 4020 348 4069 residence
367 4021 396 4069 ot
414 4021 506 4070 twelve
523 4036 599 4082 years
616 4027 644 4071 at
676 4027 734 4071 676.

713 4089 732 4119 ¹³
749 4085 868 4158 Paulina]
888 4091 934 4140 Ps.
947 4090 976 4139 li.
987 4094 1029 4139 20.
