2850 4890
208 334 273 406 238
580 347 790 401 neennnrx'.

208 524 266 564 non
287 501 450 561 mirandum
463 511 520 568 est,
536 500 588 560 sed
610 500 817 578 gaudendum:
839 499 909 579 quia
921 519 974 580 per
995 499 1064 570 hoc,
1084 499 1164 580 quod

208 590 272 648 aliis
288 587 466 669 impenditis,
480 609 535 646 vos
544 588 667 664 juvatis.
713 584 825 652 Qualia
838 585 936 664 igitur,
951 594 1123 666 quantaque
1136 587 1164 645 in

208 676 399 734 conversione
422 673 630 753 suprascriptae
655 673 749 750 gentis
773 671 938 730 Redemtor
961 680 1061 730 noster
1078 671 1165 730 fuerit

209 761 351 818 miracula
372 770 521 839 operatus,
547 757 730 816 excellentiae
758 765 865 816 vestrae
888 758 952 834 jam
978 765 1079 815 notum
1109 767 1164 816 est.

210 846 258 903 Ex
283 865 342 923 qua
365 865 396 902 re
418 864 553 922 magnam
576 864 631 902 vos
656 851 772 923 oportet
795 843 902 901 habere
924 842 1072 910 laetitiam:
1097 845 1166 922 quia
1190 860 1203 901 5

208 933 348 1009 majorem
374 931 430 988 sibi
451 940 565 1009 partem
585 929 641 987 hac
661 929 689 986 in
713 948 743 986 re
769 929 976 1007 praestitorum,
1000 937 1163 988 vestrorum

209 1017 316 1075 solatia
330 1014 497 1085 vendicant,
512 1017 598 1092 cujus
621 1023 689 1094 post
703 1013 802 1073 Deum
823 1013 941 1073 auxiliis
960 1015 1085 1072 verbum
1105 1015 1164 1074 illic

207 1101 425 1181 praedicationis
440 1101 575 1161 innotuit.
618 1100 701 1159 Nam
716 1101 766 1179 qui
778 1099 897 1158 alterius
908 1099 1018 1158 bouum
1032 1099 1165 1177 adjuvat,

209 1209 295 1247 suum
310 1187 392 1247 facit.

251 1271 312 1331 Sed
338 1280 369 1331 ut
391 1269 534 1329 mercedis
560 1279 665 1329 vestrae
691 1271 785 1348 magis
808 1271 961 1350 magisque
987 1271 1027 1329 sit
1050 1270 1204 1330 fructuslt

207 1359 333 1428 uberior,
357 1357 493 1437 petimus,
522 1365 555 1414 ut
579 1355 731 1416 monachis
753 1356 939 1437 praesentium
963 1357 1166 1435 portitoribus,

206 1465 281 1523 quos
302 1464 369 1503 cum
390 1441 588 1501 dilectissimis
604 1440 672 1500 liliis
691 1444 799 1502 nostris
815 1442 971 1502 Laurentio
990 1443 1166 1522 presbytero

207 1540 238 1590 et
254 1529 371 1588 Mellito
385 1528 493 1587 abbate
510 1526 549 1585 ad
567 1527 740 1606 praedictum
758 1526 1035 1588 reverendissimum
1048 1527 1166 1588 fratrem

207 1627 237 1674 et
258 1616 468 1694 coepiscopum
494 1622 636 1681 nostrum,
658 1633 711 1692 pro
736 1634 773 1672 eo
796 1613 878 1693 quod
899 1613 966 1671 illos
988 1614 1041 1693 qui
1061 1634 1166 1673 secum

208 1709 285 1771 sunt,
308 1698 441 1759 sufficere
461 1698 518 1756 sibi
538 1697 612 1758 dicit
632 1717 689 1757 non
711 1720 810 1780 posse,
828 1699 1054 1769 transmisimus,
1067 1707 1205 1780 patro-15

207 1787 275 1846 cinii
290 1786 380 1844 vestri
392 1784 532 1862 suffragia
545 1784 699 1861 benignius
714 1785 892 1854 ministretis,
907 1795 996 1863 atque
1015 1785 1057 1844 ita
1077 1786 1122 1845 eis
1138 1787 1165 1847 in

206 1872 343 1931 omnibus
364 1869 472 1929 adesse
497 1868 673 1947 dignemini;
697 1881 842 1949 quatenus
864 1869 935 1928 dum
959 1871 1045 1929 bonis
1064 1871 1165 1930 excel-

206 1957 304 2016 lentiae
326 1967 432 2015 vestrae
454 1955 542 2014 initiis
564 1954 685 2014 meliora
706 1956 915 2026 successerint,
937 1964 967 2015 et
988 1957 1087 2016 nullas
1106 1957 1166 2016 illic

208 2063 304 2100 moras
324 2042 371 2101 vel
392 2039 581 2100 difficultates
601 2041 772 2111 invenerint,
790 2050 871 2100 tanto
885 2061 955 2119 erge
970 2061 1026 2100 vos
1045 2061 1082 2102 ac
1101 2041 1166 2101 dul·

207 2127 343 2186 cissimos
365 2127 448 2186 nobis
469 2135 591 2206 nepotes
612 2135 728 2186 vestros
748 2127 807 2185 Dei
824 2127 915 2186 nostri
934 2126 1206 2188 misericordiamao

206 2212 386 2292 provocetis,
397 2221 509 2292 quanto
522 2233 575 2292 pro
587 2213 651 2290 ejus
661 2233 717 2272 vos
732 2233 830 2272 amore
842 2214 870 2271 in
884 2213 1055 2291 hujusmodi
1066 2215 1167 2274 causis

207 2297 433 2358 misericorditer
447 2297 592 2357 exhibetis
601 2297 621 2357 ¹.

242 2571 250 2602 ¹
273 2575 345 2636 They
370 2588 439 2622 were
462 2573 518 2623 also
543 2573 668 2634 provided
702 2577 826 2634 praeterea
846 2575 914 2624 bona
937 2576 1109 2636 proficiscenti
1130 2579 1165 2628 nd

205 2645 270 2693 with
291 2645 364 2694 other
379 2645 478 2704 letters,
500 2644 564 2692 from
582 2643 668 2692 which
704 2640 846 2705 Angl‘orum
878 2649 978 2706 gentem
1006 2649 1165 2698 reverendis-

206 2716 249 2764 the
258 2715 393 2776 following
401 2718 515 2763 extracta
527 2728 571 2762 are
581 2715 667 2774 given.
701 2715 765 2762 simo
777 2714 852 2763 fratri
867 2719 893 2763 et
911 2717 1064 2778 coepiscopo
1077 2724 1164 2768 nostro

241 2785 281 2833 Ex
296 2786 406 2847 epistola
421 2785 455 2834 ad
471 2784 669 2842 Theodericum,
701 2784 848 2846 Augustino
856 2786 1010 2836 excellentia
1022 2793 1108 2838 vestra
1119 2791 1165 2838 im·

204 2870 292 2918 regem
315 2854 481 2905 Francorum.
531 2855 539 2882 ‘
565 2855 670 2906 Quanta
701 2856 829 2917 penderit,
858 2856 1028 2907 referentibus
1060 2860 1166 2920 quibus·

204 2932 331 2990 praeterea
359 2926 426 2974 bona
454 2925 668 2974 reverendissimo
701 2924 760 2974 darn
773 2926 913 2989 monachis,
925 2927 970 2988 qui
982 2929 1014 2978 ab
1027 2943 1059 2977 eo
1068 2932 1164 2980 reversi

205 2995 278 3046 fratri
298 3001 325 3045 et
341 2997 494 3058 coepiscopo
511 3000 598 3044 nostro
614 2993 669 3043 Au·
701 3001 770 3056 sunt,
791 2998 965 3058 cognovimus.
1004 2999 1044 3046 De
1068 3015 1121 3060 qua
1137 3017 1164 3050 re

205 3069 319 3128 pustino,
344 3067 378 3115 ad
401 3066 545 3127 Anglorum
566 3071 667 3127 gentem
701 3067 826 3116 maximas
861 3069 959 3128 gratias
991 3070 1164 3132 exsolventes,

204 3137 383 3199 proficiscenti,
405 3136 561 3184 excellentia
581 3142 667 3184 vestra
701 3137 811 3197 petimus
834 3141 864 3185 ut
884 3153 918 3186 ex
939 3138 1078 3200 monachis,
1099 3157 1164 3205 prae-

203 3207 352 3270 praebuerit,
379 3211 537 3255 revertentes
572 3206 605 3254 ab
638 3221 668 3254 eo
701 3208 810 3256 sentium
831 3209 1011 3269 portitoribus,
1034 3225 1100 3270 quos
1130 3213 1162 3262 ad

204 3278 311 3338 qnidam
356 3277 473 3326 monachi
515 3277 667 3328 retulerunt.
701 3279 819 3326 eumdem
847 3278 951 3328 fratrem
979 3283 1094 3329 nostrum
1125 3283 1164 3332 di-

205 3348 281 3397 Unde
298 3348 391 3396 uberes
408 3348 506 3408 gratias
518 3347 668 3409 reserentes,
701 3348 823 3408 reximus,
846 3354 933 3398 vestra
954 3350 1059 3399 uberius
1086 3351 1164 3402 bene·

205 3419 317 3478 petimus
326 3423 356 3466 ut
367 3418 407 3465 his
419 3432 520 3478 quoque
529 3417 669 3480 monachis,
701 3419 757 3467 ficia
770 3419 932 3482 ministretis3
952 3426 1080 3482 quatenus
1091 3423 1163 3484 dum,

205 3489 249 3548 qui
270 3489 303 3537 ad
326 3503 385 3537 eum
408 3488 502 3536 directi
527 3493 597 3545 sunt,
615 3488 668 3536 sul·
700 3489 774 3537 vobis
808 3491 1039 3552 patrocinantibus,
1076 3493 1164 3542 nullas

205 3559 291 3620 fragia
302 3563 389 3607 vestra
404 3558 532 3620 copiosius
544 3559 668 3620 praebere,
700 3559 755 3608 illic
769 3560 934 3609 difficultates
948 3561 1101 3622 invenerint,
1117 3565 1164 3614 sed

205 3635 282 3691 atque
315 3643 359 3688 eos
393 3629 427 3676 ad
456 3628 667 3690 proficiscendum
701 3635 813 3691 coeptum
828 3632 877 3679 iter
893 3630 981 3693 facile,
999 3632 1104 3682 Christo
1118 3635 1163 3683 ad-

200 3701 304 3760 juvare,
328 3699 483 3760 dignemiui3
521 3703 551 3746 ut
572 3705 668 3759 quanto
696 3701 814 3761 juvante,
837 3703 994 3762 peregerint,
1018 3704 1163 3753 uberiorem

204 3770 328 3819 beneficia
344 3773 430 3817 vestra
444 3769 482 3817 eis
496 3770 608 3830 amplius
623 3785 668 3817 ex·
701 3769 826 3819 mercedis
846 3777 936 3821 vestrae
967 3771 1079 3822 fructum
1104 3781 1163 3824 ante

204 3839 307 3903 bibetis,
328 3845 401 3900 tanto
425 3840 546 3900 majorem
567 3840 667 3889 vicissi-
702 3842 750 3889 Dei
763 3842 843 3889 nostri
856 3843 944 3891 oculos
956 3841 1077 3892 sacieris!
1113 3846 1163 3907 Ep.

203 3911 317 3959 tudinem
326 3910 358 3958 ab
369 3911 540 3970 omnipotente
550 3911 615 3971 Deo,
625 3912 667 3958 cui
700 3911 738 3960 lx.

202 3981 327 4038 serviunt,
341 3977 515 4040 exspectetis!
551 3981 600 4040 Ep.
612 3981 658 4029 lix.
737 3981 870 4030 clothario
907 3982 962 4043 regi
995 3984 1162 4034 Francorum.

239 4051 449 4111 Enepistolaad
465 4050 666 4106 Theodhcrtum,
701 4051 793 4100 ‘Inter
816 4057 854 4100 tot
881 4067 956 4100 curas
984 4060 1011 4102 et
1038 4055 1163 4104 sollicito

203 4134 289 4180 regern
322 4121 487 4168 Francorum.
528 4121 535 4146 ‘
563 4122 667 4172 Quanta
700 4121 783 4182 dines,
812 4137 876 4184 quas
907 4137 953 4183 pro
989 4126 1161 4185 subjectarum
