2850 4890
399 368 580 423 10010111
598 369 687 418 vna.
706 369 819 418 111111.
1026 353 1092 419 105

129 525 352 607 Herebercte,
374 536 414 593 ut
432 530 535 594 modo
553 529 717 614 quicquid
733 549 820 613 opus
840 528 947 595 babes
965 549 1018 594 me
1037 530 1089 593 in·
1107 541 1254 592 111000.

129 634 293 711 terroges,
321 648 523 713 mecumque
546 630 712 714 loquaris,
732 630 817 715 quia
836 639 1023 716 postquam
1044 631 1089 695 ab

127 729 275 794 invicem
299 730 442 814 digressi
461 730 637 810 fuerimus,
660 753 728 797 non
748 734 839 797 ultra
856 751 921 797 nos
942 733 1089 798 invicem

125 830 163 892 in
189 830 253 895 hoc
279 834 395 897 seculo
421 835 555 899 carneis
581 835 692 899 oculis
717 835 921 900 videbimus.
968 832 1089 898 Certus

98 951 204 995 esum
227 933 318 997 enim
343 934 427 1016 quia
450 943 584 1018 tempus
606 955 692 1000 meae
722 935 943 999 resolutionis
970 935 1089 1012 instat,

129 1041 166 1098 et
202 1035 305 1098 velox
337 1042 391 1099 est
421 1035 593 1118 depositio
623 1035 836 1101 tabernaculi
872 1036 961 1099 mei!
1020 1034 1090 1114 Qui

128 1135 204 1199 baec
231 1136 386 1214 audiens,
400 1135 602 1218 provolutus
626 1135 701 1220 ejus
723 1135 880 1219 pedibus,
903 1136 990 1199 susis
1012 1154 1088 1200 cum

128 1237 257 1319 gemitu
291 1237 452 1315 lacrimis,
483 1237 684 1315 ‘Obsecro,'
709 1237 834 1320 inquit,
859 1242 946 1320 ‘per
969 1235 1088 1300 Domi·

127 1359 221 1417 num,
246 1357 290 1402 ne
318 1359 373 1402 me
399 1338 629 1421 derelinquas,
653 1337 713 1402 sed
742 1338 792 1402 tui
817 1337 948 1402 sodalis
970 1337 1088 1400 memi-

84 1458 117 1504 10
129 1439 232 1516 neris,
247 1459 412 1522 rogesque
429 1459 614 1521 supernam
634 1439 809 1521 pietatem,
827 1446 866 1503 ut
886 1438 942 1504 cui
961 1439 1091 1522 pariter

128 1543 165 1606 in
192 1542 291 1606 terris
315 1542 528 1620 servivimus,
558 1541 603 1605 ad
635 1541 710 1625 ejus
740 1542 923 1606 videndam
950 1541 1089 1605 clarita-

128 1653 200 1708 tem
222 1644 350 1726 pariter
374 1653 590 1708 transeamus
626 1644 669 1707 ad
698 1644 817 1708 coelos.
864 1641 968 1706 Nosti
998 1643 1088 1706 enim

129 1746 213 1829 quia
237 1746 281 1810 ad
307 1746 358 1810 tui
380 1747 448 1810 oris
470 1747 651 1828 imperium
668 1764 802 1827 semper
820 1746 935 1808 vivere
961 1744 1088 1821 studui,

128 1855 164 1912 et
177 1848 342 1930 quicquid
357 1848 549 1930 ignorantia
563 1847 618 1913 vel
632 1845 817 1930 fragilitate
833 1845 973 1928 deliqui,
988 1864 1086 1929 aeque

86 1968 117 2012 15
130 1948 175 2012 ad
207 1955 278 2013 tuae
307 1949 496 2013 voluntatis
529 1948 707 2013 arbitrium
742 1948 913 2030 castigare
947 1944 1088 2011 curavi!

130 2049 293 2113 Incubuit
307 2049 465 2131 precibus
480 2049 675 2131 episcopus,
690 2049 876 2130 statimque
895 2048 1036 2112 edoctus
1051 2048 1087 2111 in

130 2152 252 2234 spiritu
279 2151 483 2234 impetrasse
513 2170 550 2214 se
580 2149 673 2232 quod
703 2150 848 2231 petierat
876 2169 897 2213 a
926 2148 1086 2225 Domino,

131 2253 284 2335 ‘Surge'
309 2252 432 2336 inquit,
460 2251 589 2316 ‘frater
617 2251 675 2328 mi,
699 2258 734 2316 et
759 2252 830 2315 noli
856 2251 1001 2334 plorare,
1025 2250 1086 2314 sed

130 2355 256 2436 gaudio
271 2355 393 2436 gaude,
408 2354 491 2437 quia
505 2353 649 2417 donavit
662 2353 761 2417 nobis
776 2371 925 2434 superna
940 2353 1087 2416 clemen-

87 2456 182 2521 sotia
206 2454 299 2539 quod
327 2456 522 2538 rogavimus
549 2452 646 2518 eam?
688 2452 796 2537 Cujus
825 2452 1087 2536 promissionem

130 2566 165 2621 et
190 2557 379 2640 prophetiae
404 2558 596 2634 veritatem,
622 2574 769 2638 sequens
792 2575 904 2619 rerum
924 2555 1001 2618 finis
1027 2555 1087 2618 ad-

130 2660 278 2740 struxit3
300 2659 383 2741 quia
398 2659 626 2742 digredientes
641 2659 685 2722 ab
696 2658 842 2723 invicem
854 2677 923 2721 non
939 2657 1086 2739 amplius

118 2782 169 2826 se
201 2761 425 2845 corporaliter
459 2761 627 2838 viderunt,
661 2768 696 2823 et
729 2745 836 2823 unius
866 2757 1086 2842 ejusdemque

129 2871 302 2927 momento
322 2863 485 2945 temporis
508 2863 719 2944 egredientes
744 2882 763 2927 e
786 2879 925 2943 corpore
945 2861 1086 2943 spiritus

89 2986 118 3030 aa
131 2985 248 3030 eorum
267 2984 349 3028 mox
367 2966 471 3029 beata
487 2964 634 3028 invicem
648 2963 780 3028 visione
798 2962 973 3046 conjuncti
995 2970 1086 3040 sunt,

130 3075 236 3151 atque
245 3066 399 3149 angelico
408 3067 596 3130 ministerio
604 3064 732 3149 pariter
741 3064 785 3129 ad
794 3084 933 3146 regnum
945 3065 1086 3129 coeleste

131 3168 300 3235 translati.
345 3168 414 3234 Sed
430 3169 660 3233 Hereberctus
681 3168 815 3232 diutina
834 3168 928 3250 prius
948 3167 1086 3231 infirmi-

130 3279 204 3337 tate
217 3272 430 3354 decoquitur,
445 3271 506 3335 illa
522 3269 680 3333 l'ortassis
701 3268 958 3350 dispensatione
978 3268 1085 3332 domi-

131 3375 219 3439 nicae
245 3373 396 3456 pietatis,
415 3379 455 3436 ut
477 3372 507 3435 si
532 3370 614 3453 quid
637 3370 749 3432 minus
772 3369 912 3434 baberet
928 3370 1040 3434 meriti
1063 3391 1085 3436 a

88 3496 119 3541 so
130 3479 234 3542 beato
249 3475 453 3551 Cudbercto,
468 3473 643 3555 suppleret
658 3471 754 3535 dolor
775 3472 958 3536 continuus
971 3472 1083 3555 longae

131 3577 362 3661 aegritudinis3
384 3584 554 3662 quatenus
581 3581 739 3658 aequatus
763 3575 874 3655 gratia
896 3594 959 3639 suo
982 3574 1087 3639 inter·

131 3679 272 3757 cessori,
286 3680 377 3743 sicut
396 3698 465 3742 uno
486 3677 674 3759 eodemque
694 3676 763 3739 diei
783 3683 934 3759 tempore
951 3696 1028 3740 cum
1044 3696 1084 3740 eo

131 3782 173 3845 de
194 3799 336 3862 corpore
356 3779 481 3862 egredi,
493 3780 544 3843 ita
563 3779 667 3843 etiam
680 3797 751 3841 una
766 3785 869 3861 atque
889 3777 1085 3842 indissimili

131 3882 211 3946 sede
226 3888 399 3964 perpetuae
413 3881 635 3947 beatitudinis
650 3888 835 3944 mereretur
847 3881 963 3962 recipi.
