2850 4890
336 335 379 400 84
625 352 716 398 vrri
733 351 761 397 s.
780 349 1013 409 cuononem,

166 519 196 566 A,
213 518 243 566 u.
253 522 311 568 ero.
338 508 478 573 valebat
492 509 684 574 inhabitare
700 508 853 584 colonus
868 526 989 590 proper
1003 505 1164 570 videlicet
1182 505 1297 568 demo-

168 1228 302 1280 Description

167 1282 190 1317 ot
199 1280 230 1317 iiis
240 1280 288 1318 resi-

167 1331 241 1368 denec.

338 612 486 673 rantium
501 611 549 674 ibi
560 611 763 694 phantasias
776 610 997 688 Daemonum3
1019 627 1136 672 verum
1147 607 1299 670 intrante

339 730 415 774 eam
429 713 535 774 milite
551 712 677 776 Christi
693 719 823 774 armato
837 710 936 791 galea
948 709 1081 783 salutiS,
1095 714 1194 771 scuto
1207 706 1297 782 fidei,

339 818 374 875 et
395 811 508 893 gladio
529 813 682 895 spiritus,
696 813 787 894 quod
804 819 857 875 est
872 811 1023 875 Verbum
1039 808 1116 884 Dei,
1132 814 1166 870 et
1181 807 1297 870 omnia

340 913 410 976 tela
425 915 625 995 nequissimi
640 916 742 996 ignea
756 915 921 989 extincta,
934 919 969 976 et
979 912 1054 993 ipse
1069 908 1300 990 nequissimus
1324 927 1337 967 s

340 1032 418 1075 cum
441 1015 534 1076 omni
554 1015 741 1080 satellitum
762 1033 899 1078 suorum
920 1013 1019 1076 turba
1040 1029 1140 1092 porro
1158 1009 1297 1091 fugatus

341 1121 395 1177 est
409 1113 530 1178 hostis.

386 1215 404 1298 ἓ
426 1215 480 1281 30.
518 1216 588 1296 Qui
616 1217 778 1281 videlicet
804 1217 902 1280 miles
932 1215 1069 1291 Christi,
1094 1221 1134 1276 ut
1162 1212 1299 1277 devicta

341 1324 560 1399 tyrannorum
580 1319 653 1381 acie
672 1317 875 1382 monarchus
895 1324 1005 1392 terrae,
1025 1335 1129 1397 quam
1154 1313 1298 1390 adierat,

341 1416 454 1481 factus
475 1426 538 1496 est,
560 1419 712 1483 condidit
732 1420 907 1483 civitatem
926 1438 989 1483 suo
1010 1424 1126 1498 aptam
1146 1417 1299 1498 imperio,
1310 1433 1339 1478 ro

342 1529 377 1582 et
404 1519 522 1582 domos
549 1521 585 1583 in
613 1520 679 1584 hac
704 1540 802 1602 aeque
828 1520 960 1583 civitati
986 1537 1152 1600 congruas
1179 1519 1298 1582 erexit.

342 1619 406 1683 Est
422 1628 536 1685 autem
553 1621 733 1685 aedificium
747 1620 817 1684 situ
835 1639 933 1702 paene
953 1618 1147 1696 rotundum,
1162 1638 1184 1682 a
1203 1637 1298 1682 muro

342 1741 452 1803 usque
482 1721 526 1785 ad
556 1741 687 1785 murum
716 1740 875 1784 mensura
908 1728 1056 1802 quatuor
1083 1719 1197 1795 ferme,
1227 1720 1299 1782 sive

342 1824 504 1905 quinque,
513 1822 716 1904 perticarum
730 1822 936 1901 distentum3
958 1840 1073 1883 murus
1084 1821 1158 1903 ipse
1172 1818 1298 1884 deforis

343 1922 444 1986 altior
454 1922 664 2004 longitudine
676 1923 802 1985 stantis
813 1921 977 1986 hominis:
1000 1942 1079 1984 nam
1092 1921 1299 1985 intrinsecus
1311 1939 1338 1983 1⁵

342 2023 457 2086 vivam
481 2024 644 2087 caedendo
666 2043 782 2104 rupem
802 2024 908 2086 multo
923 2023 1018 2085 illum
1032 2023 1114 2087 fecit
1133 2022 1300 2099 altiorem,

343 2130 513 2205 quatenus
535 2124 576 2186 ad
599 2124 822 2188 cohibendam
842 2125 1016 2187 oculorum
1035 2123 1137 2185 simul
1157 2129 1192 2185 et
1211 2124 1302 2205 cogi·

344 2233 478 2290 tatuum
496 2226 687 2304 lasciviam,
702 2225 745 2288 ad
768 2225 963 2308 erigendam
983 2225 1019 2288 in
1041 2243 1190 2306 superna
1211 2224 1304 2288 desi-

344 2327 438 2390 deria
453 2333 561 2390 totam
581 2328 705 2390 mentis
720 2328 953 2405 intentionem,
968 2328 1045 2409 pius
1061 2325 1174 2390 incola
1190 2326 1240 2415 nil
1259 2326 1301 2390 de

345 2446 410 2489 sua
424 2428 601 2491 mansione
615 2435 740 2513 praeter
755 2428 879 2492 coelum
894 2437 1013 2510 posset
1027 2427 1162 2490 intueri.
1189 2425 1342 2505 Quemne

344 2527 506 2590 videlicet
528 2547 671 2605 murum,
696 2548 764 2591 non
791 2535 885 2592 secto
911 2528 1038 2611 lapide,
1056 2529 1112 2592 vel
1135 2529 1242 2592 latere
1268 2535 1303 2591 et

346 2636 524 2706 caement0,
534 2628 594 2693 sed
606 2630 771 2711 impolitis
782 2650 924 2712 prorsus
936 2630 1107 2713 lapidibus
1119 2636 1153 2693 et
1162 2630 1303 2712 cespite,

346 2749 446 2810 quem
469 2730 512 2793 de
537 2731 649 2793 medio
672 2730 739 2794 loci
759 2730 918 2794 fodiendo
938 2730 1075 2808 tulerat,
1096 2731 1302 2812 composuit.

347 2828 377 2891 E
392 2832 515 2913 quibus
531 2831 671 2913 quidam
691 2838 797 2894 tantae
819 2840 918 2895 erant
937 2831 1139 2913 granditatis
1153 2839 1192 2896 ut
1206 2833 1268 2896 vix
1282 2853 1305 2897 a

346 2931 582 3012 quatuorviris
594 2932 787 2994 viderentur
799 2930 954 3013 potuisse
963 2933 1081 3010 levari,
1093 2951 1179 3015 quos
1189 2940 1304 2998 tamen
1315 2952 1345 2996 rs

347 3032 432 3112 ipse,
443 3031 597 3113 angelico
607 3032 746 3115 adjutus
757 3032 986 3109 anxilio,iiluc
998 3033 1156 3097 attulisse
1166 3034 1305 3098 aliunde

347 3139 382 3194 et
403 3151 498 3194 muro
518 3133 725 3213 imposuisse
744 3140 898 3215 repertus
919 3143 983 3197 est.
1029 3135 1128 3198 Duas
1147 3135 1184 3198 in
1208 3154 1304 3198 man-

347 3231 443 3294 sione
462 3231 610 3296 habebat
630 3231 760 3310 domos,
780 3232 976 3299 Oratorium
990 3236 1133 3313 scilicet,
1152 3243 1188 3299 et
1209 3236 1305 3301 aliud

347 3331 391 3393 ad
407 3350 601 3395 communes
615 3352 700 3396 usus
721 3342 840 3416 aptum
859 3334 1102 3399 habitaculum.
1148 3335 1305 3415 Quorum

303 3506 306 3512 ,
346 3433 495 3514 parietes
522 3432 657 3514 quidem
685 3434 728 3497 de
755 3436 904 3499 naturali
931 3429 1019 3501 terra
1041 3440 1184 3501 multum
1210 3440 1305 3504 intus
1316 3457 1346 3503 ao

346 3533 498 3614 forisque
524 3533 821 3612 circumfodiendo,
849 3536 922 3600 sive
948 3537 1122 3615 caedendo,
1148 3539 1306 3618 confecit,

347 3634 497 3699 culmina
515 3655 595 3698 vero
618 3636 660 3699 de
681 3637 782 3719 lignis
802 3637 1004 3702 informibus
1025 3647 1060 3703 et
1078 3639 1168 3703 faeno
1188 3660 1305 3722 super-

346 3735 472 3819 posuit.
505 3735 611 3819 Porpo
624 3738 668 3800 ad
681 3746 814 3820 portum
827 3740 948 3804 insulae
963 3741 1073 3824 major
1087 3748 1161 3805 erat
1173 3741 1305 3820 domus,

347 3839 382 3900 in
398 3856 468 3919 qua
486 3837 667 3901 visitantes
682 3859 759 3902 eum
775 3841 912 3904 Fratres
933 3843 1062 3924 suscipi
1079 3852 1113 3905 et
1129 3844 1305 3923 quiescere

346 3946 500 4020 possent,
526 3957 589 4002 nec
614 3938 715 4021 longe
741 3942 785 4004 ab
812 3962 853 4005 ea
877 3942 954 4006 fons
979 3943 1160 4006 eorundem
1185 3945 1304 4009 usibus
1316 3963 1345 4007 aa

347 4039 595 4103 accommodus.
